3232 4890
841 243 883 304 32

252 453 408 516 assentior
429 451 538 516 Viezco
561 471 621 516 non
649 452 813 516 uerisimile
840 472 907 518 esse
930 453 1172 519 Demosthenem
1200 460 1385 522 retractatae
1414 480 1491 524 ora—

252 558 329 621 tioni
354 558 434 622 hanc
456 561 577 641 partem
599 578 659 621 non
682 558 859 650 additurum
881 560 984 624 191339.

358 681 521 762 Pergimus
545 682 584 746 ad
607 682 646 763 ἐξ
671 683 878 758 155-186,
909 703 988 765 quae
1010 704 1040 766 p.
1064 684 1107 747 43
1130 686 1289 767 posteriori
1319 687 1486 771 scriptioni

252 787 363 852 tribuit
385 793 417 853 ct
438 789 520 852 inter
542 788 580 869 ἐξ
603 789 669 851 214
692 791 723 852 91
746 790 810 851 215
834 790 921 871 ponit
943 791 1096 855 scribens:
1118 780 1212 855 ‘Illud
1235 797 1342 857 autem
1356 794 1485 860 Blaesio

251 894 383 959 concedo
414 913 474 958 non
496 898 567 976 apte
589 896 682 958 verba
705 895 724 975 ξ
750 895 812 959 197
843 895 882 958 99
914 896 933 976 ξ
958 897 1019 959 162
1050 899 1193 961 revocari.
1246 898 1307 962 Sed
1336 901 1411 982 quid
1442 904 1482 977 si,

251 1005 417 1084 postquam
437 1001 456 1081 ξ
474 1001 536 1064 197
561 1000 750 1064 exactionem
772 1001 861 1064 illam
883 1002 1085 1083 pecuniarum
1108 1004 1252 1084 tetigerit,
1276 1009 1381 1088 postea
1403 1026 1475 1071 earn

250 1126 317 1172 rem
349 1107 528 1188 explicatius
558 1111 589 1170 et
616 1107 742 1169 uberius
766 1108 942 1188 exposuisse
970 1112 1122 1172 oratorem
1144 1111 1361 1192 suspicamur?
1402 1111 1475 1190 Qua

251 1215 368 1277 ratione
385 1231 420 1277 eo
436 1212 618 1276 deducimur
634 1217 670 1274 91
686 1215 785 1275 totam
806 1213 893 1276 illam
908 1217 1029 1295 partem
1044 1232 1063 1276 a
1079 1215 1097 1294 ξ
1116 1216 1178 1277 155
1188 1252 1228 1261 —
1241 1217 1304 1280 186
1320 1221 1471 1282 extremae

251 1319 396 1384 orationis
419 1319 500 1400 parti
523 1303 733 1381 vindicemus'
773 1317 834 1381 Sed
856 1319 932 1382 haec
955 1338 1050 1382 causa
1073 1320 1190 1384 caduca
1213 1325 1269 1385 est.
1323 1322 1414 1398 Nam,
1437 1327 1473 1387 91

251 1444 345 1507 supra
374 1423 516 1499 diximua
545 1424 584 1505 §§
611 1425 709 1486 197-
730 1424 803 1500 199,
841 1424 873 1487 id
901 1425 982 1506 quod
1005 1425 1024 1506 ἓ
1051 1427 1112 1488 162
1137 1446 1203 1508 sqq.
1227 1429 1400 1509 expositum
1431 1435 1483 1493 est

255 1530 448 1596 cohaerentia
473 1530 696 1594 sententiarum
724 1533 791 1593 tam
821 1529 940 1594 diversa
967 1531 1115 1613 repetitur
1136 1541 1173 1596 ut
1195 1533 1393 1598 offensionem
1416 1555 1480 1598 non

250 1638 405 1721 praebeat.
445 1636 526 1700 'ium
539 1635 676 1712 viciens,
699 1653 737 1698 ne
753 1636 785 1698 in
800 1636 976 1718 repetitione
996 1655 1014 1700 9
1030 1657 1063 1701 39
1081 1638 1254 1720 vituperata
1273 1639 1478 1715 offendamus,

251 1743 482 1825 §5155-186
511 1742 556 1804 119
579 1741 724 1805 traiciens
748 1745 785 1804 ut
807 1741 1036 1822 11197-199
1065 1744 1104 1807 113
1127 1744 1311 1808 antecedant
1332 1764 1396 1809 non
1420 1747 1480 1811 sibi

253 1851 383 1914 constat.
437 1847 519 1911 Nam
542 1851 651 1922 orator,
681 1848 864 1930 priusquam
893 1849 1029 1912 ostendit
1057 1850 1208 1931 quomodo
1231 1849 1425 1916 Timocrates
1449 1857 1481 1916 et

251 1955 400 2020 Androtio
422 1955 455 2017 in
476 1973 509 2018 re
532 1953 654 2036 publica
677 1953 923 2017 administranda
946 1973 979 2018 se
995 1956 1157 2036 gesserint,
1180 1955 1254 2019 dicit
1276 1957 1295 2036 ξ
1314 1957 1376 2020 150
1395 1955 1483 2036 λέξω

251 2050 281 2125 d'
304 2047 395 2124 οὐδὲν
418 2041 461 2122 ὧν
485 2045 648 2145 999]κὸ90)
669 2047 775 2139 ὑμεῖς,
812 2053 840 2122 εἰ
863 2050 908 2145 μή
930 2081 1014 2136 τινες
1043 2046 1083 2146 dp
1114 2057 1172 2123 ἐπὶ
1201 2064 1272 2137 τοῖς
1296 2049 1480 2150 Εὐκτήμονι

253 2163 454 2253 γιγνομένοις
482 2151 586 2250 ἀγῶσι
615 2161 775 2251 παρῆσαν.
829 2165 914 2244 Quae
943 2167 1035 2230 verba
1059 2171 1132 2250 apta
1154 2186 1215 2230 non
1239 2172 1321 2244 sunt,
1353 2169 1478 2234 sicum

250 2274 360 2339 Viezeo
388 2292 424 2337 99
454 2291 533 2354 quae
563 2272 695 2351 legimus
729 2271 768 2352 ἐξ
791 2271 976 2334 155-186
1011 2277 1080 2354 post
1114 2274 1221 2354 §214
1255 2277 1286 2337 91
1318 2275 1398 2338 hanc
1438 2278 1481 2340 ob

249 2399 379 2445 causam
402 2383 470 2461 post
486 2379 523 2460 ἐξ
542 2378 714 2441 197-199
738 2377 878 2459 ponenda
901 2396 967 2441 esse
991 2379 1212 2442 existimamus,
1258 2372 1363 2460 Neque
1387 2381 1476 2445 enim
1595 2379 1596 2426 1

249 2486 415 2550 verisimile
445 2487 493 2548 est
521 2487 673 2548 oratorem
696 2484 968 2565 pronuntiaturum
995 2484 1090 2548 191339
1121 2481 1203 2562 λέξω
1227 2471 1256 2548 d'
1279 2471 1369 2547 οὐδὲν
1392 2485 1474 2566 art,

249 2593 331 2656 siin
353 2591 421 2674 ipsa
444 2590 578 2654 oratione
600 2589 794 2654 Timocraten
818 2589 947 2653 eandem
970 2609 1036 2653 rem
1061 2593 1153 2653 antea
1175 2591 1360 2672 protulisset.
1412 2592 1474 2656 Ne—

248 2717 308 2780 que
331 2701 413 2762 recte
433 2695 561 2760 Viezeus
584 2695 661 2776 §49
685 2681 767 2758 ἀλλὰ
790 2685 850 2778 γὰρ
874 2681 989 2757 ciuica
1013 2690 1075 2779 ἐρῶ
1098 2693 1174 2780 περὶ
1197 2686 1318 2758 τούτων
1334 2701 1466 2780 spectare

247 2807 338 2887 putat
360 2803 400 2866 ad
423 2802 441 2884 ς
461 2803 532 2865 160.
578 2799 661 2864 Nam
684 2801 759 2882 §49
783 2805 886 2864 orator
908 2800 981 2864 dicit
1005 2819 1037 2864 se
1056 2804 1162 2883 postea
1185 2801 1466 2866 demonstraturum

247 2927 314 2974 esse
337 2907 545 2972 Timocratem
568 2926 627 2970 non
650 2907 779 2983 inscitia,
804 2906 857 2970 sed
881 2907 1019 2970 consulto
1041 2907 1074 2969 in
1097 2907 1336 2988 rempublicam
1364 2925 1473 2991 pecca·

248 3017 328 3080 risse
352 3018 381 3079 et
404 3015 561 3096 propterea
583 3013 674 3077 venia
697 3032 756 3076 non
779 3013 910 3094 dignum
933 3031 1023 3082 esse„
1042 3011 1110 3091 Qua
1126 3012 1211 3077 dere
1227 3031 1287 3078 non
1307 3019 1472 3079 estsermo

247 3123 266 3204 ξ
289 3118 350 3185 160
368 3139 444 3202 sqq..
470 3117 522 3183 sed
546 3119 564 3200 ξ
583 3119 643 3181 110
661 3137 726 3200 sqq.

354 3243 440 3323 Quae
470 3261 542 3306 cum
570 3241 615 3305 ita
644 3243 716 3316 sint,
745 3241 848 3305 Viezei
875 3241 1082 3322 disputatione
1111 3261 1188 3323 quae
1218 3242 1249 3305 in
1275 3241 1471 3306 Timocratea

247 3349 457 3432 discrepantia
487 3350 559 3412 sunt
590 3350 682 3430 atque
710 3347 912 3429 incomposita
942 3347 1019 3410 mihi
1048 3367 1109 3412 nou
1137 3348 1280 3413 ridentur
1310 3348 1342 3410 in
1372 3365 1468 3411 suum

247 3455 386 3521 ordinem
409 3454 538 3519 restitui.

353 3579 511 3643 Postremo
535 3577 637 3642 Weilii
661 3578 848 3641 sententiam
872 3578 1113 3640 examinemus.1

355 3685 413 3765 Qui
446 3683 643 3766 scriptionem
673 3681 818 3746 ultimam
841 3683 889 3746 vel
918 3683 1085 3745 orationem
1108 3682 1196 3764 plane
1219 3682 1386 3764 perfectam
1409 3683 1465 3745 has

245 3795 348 3876 partes
379 3791 522 3874 amplecti
546 3789 719 3853 contendit:
752 3789 789 3868 ἐξ
814 3789 964 3864 1-109,
990 3789 1185 3862 les-182,
1213 3789 1408 3859 187-218.
1434 3792 1467 3851 et

246 3917 395 3962 conexum
426 3896 663 3969 sententiarum,
699 3912 794 3975 quam
827 3894 931 3975 §187
967 3894 1128 3957 turbatum
1158 3913 1225 3958 esse
1258 3912 1352 3975 supra
1383 3913 1469 3957 com·

244 4004 492 4078 memoravimus,
509 4000 684 4064 coniectura
700 4001 861 4063 restituere
878 3999 1005 4064 studuit.
1043 3999 1163 4063 Deinde
1180 4003 1272 4082 caput
1289 3998 1466 4062 183-166

298 4183 357 4190 ...--.
365 4184 370 4188 .
395 4181 467 4188 ---...-

351 4287 358 4316 ²
379 4281 407 4336 L.
428 4298 451 4336 c.
470 4297 494 4349 p.
515 4281 548 4334 60
568 4296 624 4349 sqq.
