<?xml version="1.0" encoding="UTF-8"?>
<!DOCTYPE html PUBLIC "-//W3C//DTD XHTML 1.0 Transitional//EN"
    "http://www.w3.org/TR/xhtml1/DTD/xhtml1-transitional.dtd">
<html xmlns="http://www.w3.org/1999/xhtml" xml:lang="en" lang="en">
 <head>
  <title>
</title>
<meta http-equiv="Content-Type" content="text/html;charset=utf-8" />
  <meta name='ocr-system' content='tesseract 3.04.00' />
  <meta name='ocr-capabilities' content='ocr_page ocr_carea ocr_par ocr_line ocrx_word'/>
</head>
<body>
  <div class='ocr_page' id='page_1' title='image "./dedemosthenisti00kreugoog_0025.png"; bbox 0 0 3232 4890; ppageno 0'>
   <div class='ocr_carea' id='block_1_1' title="bbox 821 245 862 306">
    <p class='ocr_par' dir='ltr' id='par_1_1' title="bbox 821 245 862 306">
     <span class='ocr_line' id='line_1_1' title="bbox 821 245 862 306; baseline 0 0"><span class='ocrx_word' id='word_1_1' title='bbox 821 245 862 306; x_wconf 84' lang='lat' dir='ltr'>lo</span> 
     </span>
    </p>
   </div>
   <div class='ocr_carea' id='block_1_2' title="bbox 200 455 1455 4356">
    <p class='ocr_par' dir='ltr' id='par_1_2' title="bbox 200 455 1455 1815">
     <span class='ocr_line' id='line_1_2' title="bbox 200 455 1455 537; baseline 0.001 -17"><span class='ocrx_word' id='word_1_2' title='bbox 200 461 204 464; x_wconf 80' lang='grc'><strong>’</strong></span> <span class='ocrx_word' id='word_1_3' title='bbox 228 455 405 520; x_wconf 89' lang='lat' dir='ltr'>condicione</span> <span class='ocrx_word' id='word_1_4' title='bbox 436 456 559 520; x_wconf 88' lang='lat' dir='ltr'>iudicat.</span> <span class='ocrx_word' id='word_1_5' title='bbox 605 455 847 520; x_wconf 79' lang='lat' dir='ltr'>Demosthenem</span> <span class='ocrx_word' id='word_1_6' title='bbox 876 456 959 519; x_wconf 88' lang='lat' dir='ltr'>enim</span> <span class='ocrx_word' id='word_1_7' title='bbox 988 474 1022 518; x_wconf 93' lang='lat' dir='ltr'>eo</span> <span class='ocrx_word' id='word_1_8' title='bbox 1054 456 1134 537; x_wconf 91' lang='lat' dir='ltr'>quod</span> <span class='ocrx_word' id='word_1_9' title='bbox 1164 456 1255 537; x_wconf 88' lang='lat' dir='ltr'>iegati</span> <span class='ocrx_word' id='word_1_10' title='bbox 1285 457 1455 522; x_wconf 74' lang='lat' dir='ltr'>solvissent-</span> 
     </span>
     <span class='ocr_line' id='line_1_3' title="bbox 228 562 1452 644; baseline 0 -18"><span class='ocrx_word' id='word_1_11' title='bbox 228 566 369 627; x_wconf 88' lang='lat' dir='ltr'>coactum</span> <span class='ocrx_word' id='word_1_12' title='bbox 393 581 460 626; x_wconf 89' lang='lat' dir='ltr'>esse</span> <span class='ocrx_word' id='word_1_13' title='bbox 482 565 572 644; x_wconf 90' lang='lat' dir='ltr'>putat</span> <span class='ocrx_word' id='word_1_14' title='bbox 594 562 766 625; x_wconf 90' lang='lat' dir='ltr'>orationem</span> <span class='ocrx_word' id='word_1_15' title='bbox 795 562 859 624; x_wconf 90' lang='lat' dir='ltr'>iarn</span> <span class='ocrx_word' id='word_1_16' title='bbox 887 562 1088 643; x_wconf 79' lang='lat' dir='ltr'><strong>compositam</strong></span> <span class='ocrx_word' id='word_1_17' title='bbox 1111 565 1278 626; x_wconf 89' lang='lat' dir='ltr'>retractare</span> <span class='ocrx_word' id='word_1_18' title='bbox 1302 567 1452 626; x_wconf 86' lang='grc'><strong>6100111-</strong></span> 
     </span>
     <span class='ocr_line' id='line_1_4' title="bbox 229 667 1448 749; baseline 0 -17"><span class='ocrx_word' id='word_1_19' title='bbox 229 687 309 748; x_wconf 88' lang='lat' dir='ltr'>gere.</span> <span class='ocrx_word' id='word_1_20' title='bbox 356 667 423 746; x_wconf 84' lang='lat' dir='ltr'>Quo</span> <span class='ocrx_word' id='word_1_21' title='bbox 446 668 565 732; x_wconf 85' lang='lat' dir='ltr'>factum</span> <span class='ocrx_word' id='word_1_22' title='bbox 590 687 655 731; x_wconf 90' lang='lat' dir='ltr'>esse</span> <span class='ocrx_word' id='word_1_23' title='bbox 678 671 715 730; x_wconf 93' lang='lat' dir='ltr'>ut</span> <span class='ocrx_word' id='word_1_24' title='bbox 738 668 816 732; x_wconf 91' lang='lat' dir='ltr'>duae</span> <span class='ocrx_word' id='word_1_25' title='bbox 840 668 905 731; x_wconf 90' lang='lat' dir='ltr'>eius</span> <span class='ocrx_word' id='word_1_26' title='bbox 930 667 1110 749; x_wconf 89' lang='lat' dir='ltr'>scriptiones</span> <span class='ocrx_word' id='word_1_27' title='bbox 1135 669 1324 744; x_wconf 73' lang='lat' dir='ltr'>exsisterent,</span> <span class='ocrx_word' id='word_1_28' title='bbox 1348 670 1448 734; x_wconf 84' lang='lat' dir='ltr'>altera</span> 
     </span>
     <span class='ocr_line' id='line_1_5' title="bbox 228 773 1454 856; baseline 0.001 -19"><span class='ocrx_word' id='word_1_29' title='bbox 228 775 345 855; x_wconf 83' lang='lat' dir='ltr'>longior</span> <span class='ocrx_word' id='word_1_30' title='bbox 366 774 532 855; x_wconf 91' lang='lat' dir='ltr'>minusque</span> <span class='ocrx_word' id='word_1_31' title='bbox 554 774 664 856; x_wconf 84' lang='lat' dir='ltr'>polita,</span> <span class='ocrx_word' id='word_1_32' title='bbox 689 775 785 838; x_wconf 91' lang='lat' dir='ltr'>altera</span> <span class='ocrx_word' id='word_1_33' title='bbox 815 773 934 837; x_wconf 89' lang='lat' dir='ltr'>brevior</span> <span class='ocrx_word' id='word_1_34' title='bbox 955 779 987 838; x_wconf 91' lang='lat' dir='ltr'>et</span> <span class='ocrx_word' id='word_1_35' title='bbox 1010 773 1162 856; x_wconf 81' lang='lat' dir='ltr'>perfecta,</span> <span class='ocrx_word' id='word_1_36' title='bbox 1185 793 1221 838; x_wconf 87' lang='lat' dir='ltr'>ex</span> <span class='ocrx_word' id='word_1_37' title='bbox 1244 775 1357 856; x_wconf 89' lang='lat' dir='ltr'>quibus</span> <span class='ocrx_word' id='word_1_38' title='bbox 1380 795 1454 839; x_wconf 83' lang='lat' dir='ltr'>cra-</span> 
     </span>
     <span class='ocr_line' id='line_1_6' title="bbox 228 879 1447 962; baseline -0.001 -17"><span class='ocrx_word' id='word_1_39' title='bbox 228 882 344 946; x_wconf 86' lang='lat' dir='ltr'>tionem</span> <span class='ocrx_word' id='word_1_40' title='bbox 368 899 464 962; x_wconf 89' lang='lat' dir='ltr'>quarn</span> <span class='ocrx_word' id='word_1_41' title='bbox 495 881 644 944; x_wconf 90' lang='lat' dir='ltr'>habemus</span> <span class='ocrx_word' id='word_1_42' title='bbox 673 880 735 943; x_wconf 82' lang='lat' dir='ltr'>sive</span> <span class='ocrx_word' id='word_1_43' title='bbox 759 899 777 942; x_wconf 93' lang='lat' dir='ltr'>a</span> <span class='ocrx_word' id='word_1_44' title='bbox 801 879 931 943; x_wconf 91' lang='lat' dir='ltr'>Diodoro</span> <span class='ocrx_word' id='word_1_45' title='bbox 960 880 1023 944; x_wconf 90' lang='lat' dir='ltr'>sive</span> <span class='ocrx_word' id='word_1_46' title='bbox 1046 881 1085 943; x_wconf 91' lang='lat' dir='ltr'>ab</span> <span class='ocrx_word' id='word_1_47' title='bbox 1109 881 1166 944; x_wconf 88' lang='lat' dir='ltr'>aiio</span> <span class='ocrx_word' id='word_1_48' title='bbox 1196 882 1447 944; x_wconf 88' lang='lat' dir='ltr'>consarcinatam</span> 
     </span>
     <span class='ocr_line' id='line_1_7' title="bbox 229 985 1449 1068; baseline -0.001 -17"><span class='ocrx_word' id='word_1_49' title='bbox 229 1006 306 1051; x_wconf 90' lang='lat' dir='ltr'>esse.</span> <span class='ocrx_word' id='word_1_50' title='bbox 350 986 387 1068; x_wconf 58' lang='grc' dir='ltr'>ἐξ</span> <span class='ocrx_word' id='word_1_51' title='bbox 414 987 586 1048; x_wconf 85' lang='grc'><strong>110-187</strong></span> <span class='ocrx_word' id='word_1_52' title='bbox 617 986 710 1066; x_wconf 88' lang='lat' dir='ltr'>igitur</span> <span class='ocrx_word' id='word_1_53' title='bbox 733 986 823 1067; x_wconf 84' lang='lat' dir='ltr'>priori</span> <span class='ocrx_word' id='word_1_54' title='bbox 855 986 1010 1067; x_wconf 89' lang='lat' dir='ltr'>scriptioni</span> <span class='ocrx_word' id='word_1_55' title='bbox 1038 987 1155 1050; x_wconf 82' lang='lat' dir='ltr'>tribuit.</span> <span class='ocrx_word' id='word_1_56' title='bbox 1203 985 1263 1065; x_wconf 79' lang='lat' dir='ltr'>our</span> <span class='ocrx_word' id='word_1_57' title='bbox 1292 987 1374 1068; x_wconf 89' lang='lat' dir='ltr'>quod</span> <span class='ocrx_word' id='word_1_58' title='bbox 1406 989 1449 1050; x_wconf 91' lang='lat' dir='ltr'>ad</span> 
     </span>
     <span class='ocr_line' id='line_1_8' title="bbox 228 1091 1445 1174; baseline 0 -18"><span class='ocrx_word' id='word_1_59' title='bbox 228 1094 308 1156; x_wconf 93' lang='lat' dir='ltr'>hanc</span> <span class='ocrx_word' id='word_1_60' title='bbox 331 1093 501 1174; x_wconf 86' lang='lat' dir='ltr'>opinionem</span> <span class='ocrx_word' id='word_1_61' title='bbox 524 1091 784 1173; x_wconf 89' lang='lat' dir='ltr'>comprobandam</span> <span class='ocrx_word' id='word_1_62' title='bbox 807 1092 977 1155; x_wconf 89' lang='lat' dir='ltr'>sententias</span> <span class='ocrx_word' id='word_1_63' title='bbox 996 1092 1029 1154; x_wconf 93' lang='lat' dir='ltr'>in</span> <span class='ocrx_word' id='word_1_64' title='bbox 1048 1092 1183 1156; x_wconf 87' lang='lat' dir='ltr'>oratione</span> <span class='ocrx_word' id='word_1_65' title='bbox 1202 1093 1330 1156; x_wconf 90' lang='lat' dir='ltr'>iteratas</span> <span class='ocrx_word' id='word_1_66' title='bbox 1346 1093 1445 1168; x_wconf 87' lang='lat' dir='ltr'>affert,</span> 
     </span>
     <span class='ocr_line' id='line_1_9' title="bbox 228 1197 1452 1280; baseline 0.001 -18"><span class='ocrx_word' id='word_1_67' title='bbox 228 1199 266 1263; x_wconf 94' lang='lat' dir='ltr'>de</span> <span class='ocrx_word' id='word_1_68' title='bbox 290 1199 500 1273; x_wconf 75' lang='lat' dir='ltr'>hebraeum</span> <span class='ocrx_word' id='word_1_69' title='bbox 522 1198 600 1260; x_wconf 92' lang='lat' dir='ltr'>nihil</span> <span class='ocrx_word' id='word_1_70' title='bbox 623 1197 691 1260; x_wconf 84' lang='lat' dir='ltr'>novi</span> <span class='ocrx_word' id='word_1_71' title='bbox 714 1198 888 1279; x_wconf 86' lang='lat' dir='ltr'>protulerit,</span> <span class='ocrx_word' id='word_1_72' title='bbox 913 1216 949 1260; x_wconf 92' lang='lat' dir='ltr'>ea</span> <span class='ocrx_word' id='word_1_73' title='bbox 972 1215 1050 1279; x_wconf 89' lang='lat' dir='ltr'>quae</span> <span class='ocrx_word' id='word_1_74' title='bbox 1081 1217 1173 1280; x_wconf 89' lang='lat' dir='ltr'>supra</span> <span class='ocrx_word' id='word_1_75' title='bbox 1202 1202 1308 1262; x_wconf 88' lang='lat' dir='ltr'>contra</span> <span class='ocrx_word' id='word_1_76' title='bbox 1331 1199 1452 1263; x_wconf 60' lang='lat' dir='ltr'>Bense⁴</span> 
     </span>
     <span class='ocr_line' id='line_1_10' title="bbox 227 1302 1445 1386; baseline -0.002 -18"><span class='ocrx_word' id='word_1_77' title='bbox 227 1306 328 1370; x_wconf 88' lang='lat' dir='ltr'>lerum</span> <span class='ocrx_word' id='word_1_78' title='bbox 351 1305 411 1368; x_wconf 80' lang='lat' dir='ltr'>dixi</span> <span class='ocrx_word' id='word_1_79' title='bbox 433 1306 569 1385; x_wconf 88' lang='lat' dir='ltr'>repetere</span> <span class='ocrx_word' id='word_1_80' title='bbox 593 1303 782 1384; x_wconf 86' lang='lat' dir='ltr'>supersedeo.</span> <span class='ocrx_word' id='word_1_81' title='bbox 830 1302 974 1367; x_wconf 82' lang='lat' dir='ltr'>Ceterum</span> <span class='ocrx_word' id='word_1_82' title='bbox 997 1323 1058 1372; x_wconf 88' lang='lat' dir='ltr'>uon</span> <span class='ocrx_word' id='word_1_83' title='bbox 1082 1305 1158 1368; x_wconf 88' lang='lat' dir='ltr'>satis</span> <span class='ocrx_word' id='word_1_84' title='bbox 1182 1306 1325 1368; x_wconf 87' lang='lat' dir='ltr'>accurate</span> <span class='ocrx_word' id='word_1_85' title='bbox 1349 1306 1445 1386; x_wconf 86' lang='lat' dir='ltr'>expli-</span> 
     </span>
     <span class='ocr_line' id='line_1_11' title="bbox 228 1409 1448 1492; baseline -0.002 -17"><span class='ocrx_word' id='word_1_86' title='bbox 228 1414 279 1475; x_wconf 91' lang='lat' dir='ltr'>cat</span> <span class='ocrx_word' id='word_1_87' title='bbox 302 1410 452 1492; x_wconf 90' lang='lat' dir='ltr'>quomodo</span> <span class='ocrx_word' id='word_1_88' title='bbox 475 1409 544 1472; x_wconf 87' lang='lat' dir='ltr'>illae</span> <span class='ocrx_word' id='word_1_89' title='bbox 567 1409 761 1490; x_wconf 84' lang='lat' dir='ltr'>repetitiones</span> <span class='ocrx_word' id='word_1_90' title='bbox 780 1413 865 1472; x_wconf 91' lang='grc'><strong>01166</strong></span> <span class='ocrx_word' id='word_1_91' title='bbox 885 1410 954 1473; x_wconf 90' lang='lat' dir='ltr'>siut.</span> <span class='ocrx_word' id='word_1_92' title='bbox 990 1409 1097 1490; x_wconf 85' lang='lat' dir='ltr'>Neque</span> <span class='ocrx_word' id='word_1_93' title='bbox 1115 1410 1199 1473; x_wconf 88' lang='lat' dir='ltr'>enim</span> <span class='ocrx_word' id='word_1_94' title='bbox 1219 1410 1448 1492; x_wconf 43' lang='lat' dir='ltr'>§giba-107</span> 
     </span>
     <span class='ocr_line' id='line_1_12' title="bbox 227 1506 1451 1598; baseline -0.002 -18"><span class='ocrx_word' id='word_1_95' title='bbox 227 1520 294 1580; x_wconf 89' lang='lat' dir='ltr'>crta</span> <span class='ocrx_word' id='word_1_96' title='bbox 329 1535 394 1580; x_wconf 92' lang='lat' dir='ltr'>esse</span> <span class='ocrx_word' id='word_1_97' title='bbox 425 1517 555 1598; x_wconf 91' lang='lat' dir='ltr'>possunt</span> <span class='ocrx_word' id='word_1_98' title='bbox 584 1517 662 1594; x_wconf 72' lang='lat' dir='ltr'>e§§</span> <span class='ocrx_word' id='word_1_99' title='bbox 693 1515 882 1590; x_wconf 78' lang='lat' dir='ltr'>rho-122,</span> <span class='ocrx_word' id='word_1_100' title='bbox 917 1533 988 1578; x_wconf 90' lang='lat' dir='ltr'>cum</span> <span class='ocrx_word' id='word_1_101' title='bbox 1019 1534 1055 1579; x_wconf 83' lang='lat' dir='ltr'>ex</span> <span class='ocrx_word' id='word_1_102' title='bbox 1085 1517 1105 1595; x_wconf 70' lang='grc' dir='ltr'>ξ</span> <span class='ocrx_word' id='word_1_103' title='bbox 1137 1517 1200 1578; x_wconf 89' lang='grc'>114</span> <span class='ocrx_word' id='word_1_104' title='bbox 1234 1513 1290 1578; x_wconf 83' lang='grc' dir='ltr'>καὶ</span> <span class='ocrx_word' id='word_1_105' title='bbox 1324 1506 1451 1578; x_wconf 64' lang='lat' dir='ltr'>aciaco</span> 
     </span>
     <span class='ocr_line' id='line_1_13' title="bbox 228 1607 1455 1706; baseline 0.001 -22"><span class='ocrx_word' id='word_1_106' title='bbox 228 1609 326 1706; x_wconf 76' lang='grc' dir='ltr'><em>ὀλίγῳ</em></span> <span class='ocrx_word' id='word_1_107' title='bbox 349 1611 505 1706; x_wconf 78' lang='grc' dir='ltr'><strong><em>πρότερον</em></strong></span> <span class='ocrx_word' id='word_1_108' title='bbox 527 1607 683 1706; x_wconf 71' lang='grc' dir='ltr'><em>ἠκούσατε</em></span> <span class='ocrx_word' id='word_1_109' title='bbox 705 1615 769 1682; x_wconf 75' lang='grc' dir='ltr'>τῶν</span> <span class='ocrx_word' id='word_1_110' title='bbox 791 1610 896 1700; x_wconf 81' lang='grc' dir='ltr'><em>νόμων</em></span> <span class='ocrx_word' id='word_1_111' title='bbox 918 1622 1039 1684; x_wconf 86' lang='lat' dir='ltr'>eluceat</span> <span class='ocrx_word' id='word_1_112' title='bbox 1061 1622 1140 1685; x_wconf 84' lang='lat' dir='ltr'>hauc</span> <span class='ocrx_word' id='word_1_113' title='bbox 1159 1622 1357 1704; x_wconf 83' lang='lat' dir='ltr'>posteriorem</span> <span class='ocrx_word' id='word_1_114' title='bbox 1376 1627 1455 1706; x_wconf 53' lang='lat' dir='ltr'>par?</span> 
     </span>
     <span class='ocr_line' id='line_1_14' title="bbox 228 1727 961 1815; baseline -0.005 -23"><span class='ocrx_word' id='word_1_115' title='bbox 228 1732 293 1792; x_wconf 90' lang='lat' dir='ltr'>tem</span> <span class='ocrx_word' id='word_1_116' title='bbox 317 1731 469 1791; x_wconf 89' lang='lat' dir='ltr'>oratorem</span> <span class='ocrx_word' id='word_1_117' title='bbox 493 1727 650 1815; x_wconf 75' lang='lat' dir='ltr'>scripsisse</span> <span class='ocrx_word' id='word_1_118' title='bbox 672 1729 742 1808; x_wconf 90' lang='lat' dir='ltr'>post</span> <span class='ocrx_word' id='word_1_119' title='bbox 764 1729 784 1806; x_wconf 65' lang='grc' dir='ltr'>ξ</span> <span class='ocrx_word' id='word_1_120' title='bbox 808 1727 870 1789; x_wconf 84' lang='lat'>102</span> <span class='ocrx_word' id='word_1_121' title='bbox 895 1746 961 1807; x_wconf 89' lang='lat' dir='ltr'>sqq.</span> 
     </span>
    </p>

    <p class='ocr_par' dir='ltr' id='par_1_3' title="bbox 225 1831 1448 2128">
     <span class='ocr_line' id='line_1_15' title="bbox 332 1831 1448 1920; baseline 0.001 -23"><span class='ocrx_word' id='word_1_122' title='bbox 332 1834 427 1898; x_wconf 84' lang='lat' dir='ltr'>Recte</span> <span class='ocrx_word' id='word_1_123' title='bbox 450 1852 519 1896; x_wconf 84' lang='lat' dir='ltr'>vero</span> <span class='ocrx_word' id='word_1_124' title='bbox 543 1831 686 1896; x_wconf 84' lang='lat' dir='ltr'>Schaefer</span> <span class='ocrx_word' id='word_1_125' title='bbox 708 1836 811 1914; x_wconf 91' lang='lat' dir='ltr'>partes</span> <span class='ocrx_word' id='word_1_126' title='bbox 834 1833 865 1894; x_wconf 90' lang='lat' dir='ltr'>iu</span> <span class='ocrx_word' id='word_1_127' title='bbox 896 1833 1009 1913; x_wconf 92' lang='lat' dir='ltr'>quibus</span> <span class='ocrx_word' id='word_1_128' title='bbox 1037 1833 1139 1896; x_wconf 84' lang='lat' dir='ltr'>hiatus</span> <span class='ocrx_word' id='word_1_129' title='bbox 1171 1853 1232 1897; x_wconf 93' lang='lat' dir='ltr'>non</span> <span class='ocrx_word' id='word_1_130' title='bbox 1247 1835 1373 1920; x_wconf 24' lang='lat' dir='ltr'>&#39;vitatus</span> <span class='ocrx_word' id='word_1_131' title='bbox 1397 1838 1448 1898; x_wconf 91' lang='lat' dir='ltr'>est</span> 
     </span>
     <span class='ocr_line' id='line_1_16' title="bbox 225 1932 1446 2022; baseline 0 -20"><span class='ocrx_word' id='word_1_132' title='bbox 225 1940 316 2022; x_wconf 89' lang='lat' dir='ltr'>priori</span> <span class='ocrx_word' id='word_1_133' title='bbox 339 1939 494 2021; x_wconf 78' lang='lat' dir='ltr'>scriptioni</span> <span class='ocrx_word' id='word_1_134' title='bbox 515 1938 631 2002; x_wconf 89' lang='lat' dir='ltr'>tribuit.</span> <span class='ocrx_word' id='word_1_135' title='bbox 668 1936 728 2002; x_wconf 81' lang='lat' dir='ltr'>Sed</span> <span class='ocrx_word' id='word_1_136' title='bbox 747 1939 786 2018; x_wconf 59' lang='grc' dir='ltr'>ἐξ</span> <span class='ocrx_word' id='word_1_137' title='bbox 801 1938 973 2002; x_wconf 78' lang='grc'><strong>155-186</strong></span> <span class='ocrx_word' id='word_1_138' title='bbox 996 1932 1084 2002; x_wconf 80' lang='grc'><strong>1116111</strong></span> <span class='ocrx_word' id='word_1_139' title='bbox 1107 1944 1221 2004; x_wconf 88' lang='lat' dir='ltr'>carent.</span> <span class='ocrx_word' id='word_1_140' title='bbox 1263 1939 1332 2018; x_wconf 84' lang='lat' dir='ltr'>Qua</span> <span class='ocrx_word' id='word_1_141' title='bbox 1347 1940 1446 2020; x_wconf 91' lang='lat' dir='ltr'>igitur</span> 
     </span>
     <span class='ocr_line' id='line_1_17' title="bbox 226 2044 1446 2128; baseline -0.001 -19"><span class='ocrx_word' id='word_1_142' title='bbox 226 2065 259 2109; x_wconf 86' lang='lat' dir='ltr'>re</span> <span class='ocrx_word' id='word_1_143' title='bbox 282 2049 453 2109; x_wconf 91' lang='lat' dir='ltr'>commotus</span> <span class='ocrx_word' id='word_1_144' title='bbox 476 2048 524 2108; x_wconf 91' lang='lat' dir='ltr'>est</span> <span class='ocrx_word' id='word_1_145' title='bbox 538 2047 575 2107; x_wconf 87' lang='lat' dir='ltr'>ut</span> <span class='ocrx_word' id='word_1_146' title='bbox 589 2045 664 2108; x_wconf 91' lang='lat' dir='ltr'>haec</span> <span class='ocrx_word' id='word_1_147' title='bbox 681 2063 801 2126; x_wconf 90' lang='lat' dir='ltr'>quoque</span> <span class='ocrx_word' id='word_1_148' title='bbox 817 2044 915 2126; x_wconf 90' lang='lat' dir='ltr'>priore</span> <span class='ocrx_word' id='word_1_149' title='bbox 931 2048 1066 2126; x_wconf 89' lang='lat' dir='ltr'>tempore</span> <span class='ocrx_word' id='word_1_150' title='bbox 1083 2046 1196 2128; x_wconf 89' lang='lat' dir='ltr'>scripta</span> <span class='ocrx_word' id='word_1_151' title='bbox 1212 2065 1278 2110; x_wconf 90' lang='lat' dir='ltr'>esse</span> <span class='ocrx_word' id='word_1_152' title='bbox 1292 2049 1446 2127; x_wconf 79' lang='lat' dir='ltr'>putaret?</span> 
     </span>
    </p>

    <p class='ocr_par' dir='ltr' id='par_1_4' title="bbox 226 2150 1449 2869">
     <span class='ocr_line' id='line_1_18' title="bbox 334 2150 1445 2232; baseline 0 -18"><span class='ocrx_word' id='word_1_153' title='bbox 334 2150 466 2214; x_wconf 92' lang='lat' dir='ltr'>Omnino</span> <span class='ocrx_word' id='word_1_154' title='bbox 497 2169 533 2214; x_wconf 92' lang='lat' dir='ltr'>ea</span> <span class='ocrx_word' id='word_1_155' title='bbox 563 2169 642 2231; x_wconf 89' lang='lat' dir='ltr'>quae</span> <span class='ocrx_word' id='word_1_156' title='bbox 673 2153 773 2213; x_wconf 91' lang='lat' dir='ltr'>orator</span> <span class='ocrx_word' id='word_1_157' title='bbox 794 2152 834 2230; x_wconf 58' lang='grc' dir='ltr'>ἐξ</span> <span class='ocrx_word' id='word_1_158' title='bbox 859 2151 1031 2213; x_wconf 80' lang='lat' dir='ltr'>llo-rao</span> <span class='ocrx_word' id='word_1_159' title='bbox 1060 2152 1186 2232; x_wconf 90' lang='lat' dir='ltr'>protulit</span> <span class='ocrx_word' id='word_1_160' title='bbox 1218 2151 1380 2216; x_wconf 84' lang='lat' dir='ltr'>Schaefero</span> <span class='ocrx_word' id='word_1_161' title='bbox 1404 2153 1445 2214; x_wconf 91' lang='lat' dir='ltr'>ad</span> 
     </span>
     <span class='ocr_line' id='line_1_19' title="bbox 226 2257 1448 2340; baseline 0 -20"><span class='ocrx_word' id='word_1_162' title='bbox 226 2275 331 2322; x_wconf 91' lang='lat' dir='ltr'>rerum</span> <span class='ocrx_word' id='word_1_163' title='bbox 354 2261 473 2320; x_wconf 89' lang='lat' dir='ltr'>statum</span> <span class='ocrx_word' id='word_1_164' title='bbox 495 2257 667 2336; x_wconf 87' lang='lat' dir='ltr'>legatorum</span> <span class='ocrx_word' id='word_1_165' title='bbox 698 2257 847 2320; x_wconf 88' lang='lat' dir='ltr'>solutione</span> <span class='ocrx_word' id='word_1_166' title='bbox 869 2257 1028 2319; x_wconf 88' lang='lat' dir='ltr'>mutatum</span> <span class='ocrx_word' id='word_1_167' title='bbox 1059 2275 1118 2320; x_wconf 92' lang='lat' dir='ltr'>uon</span> <span class='ocrx_word' id='word_1_168' title='bbox 1143 2258 1219 2322; x_wconf 90' lang='lat' dir='ltr'>satis</span> <span class='ocrx_word' id='word_1_169' title='bbox 1243 2261 1314 2340; x_wconf 90' lang='lat' dir='ltr'>apta</span> <span class='ocrx_word' id='word_1_170' title='bbox 1337 2257 1448 2322; x_wconf 87' lang='lat' dir='ltr'>viden·</span> 
     </span>
     <span class='ocr_line' id='line_1_20' title="bbox 226 2361 1447 2442; baseline 0 -16"><span class='ocrx_word' id='word_1_171' title='bbox 226 2367 287 2427; x_wconf 89' lang='lat' dir='ltr'>tur.</span> <span class='ocrx_word' id='word_1_172' title='bbox 334 2362 483 2438; x_wconf 82' lang='lat' dir='ltr'>Concedo,</span> <span class='ocrx_word' id='word_1_173' title='bbox 508 2363 534 2426; x_wconf 94' lang='lat' dir='ltr'>si</span> <span class='ocrx_word' id='word_1_174' title='bbox 557 2362 650 2442; x_wconf 87' lang='lat' dir='ltr'>legati</span> <span class='ocrx_word' id='word_1_175' title='bbox 674 2363 793 2442; x_wconf 88' lang='lat' dir='ltr'>legibus</span> <span class='ocrx_word' id='word_1_176' title='bbox 816 2361 939 2425; x_wconf 91' lang='lat' dir='ltr'>omnino</span> <span class='ocrx_word' id='word_1_177' title='bbox 963 2361 1193 2438; x_wconf 81' lang='lat' dir='ltr'>satisfecissent,</span> <span class='ocrx_word' id='word_1_178' title='bbox 1213 2364 1363 2426; x_wconf 87' lang='lat' dir='ltr'>nonnulla</span> <span class='ocrx_word' id='word_1_179' title='bbox 1382 2383 1447 2427; x_wconf 88' lang='lat' dir='ltr'>non</span> 
     </span>
     <span class='ocr_line' id='line_1_21' title="bbox 227 2467 1444 2552; baseline -0.001 -19"><span class='ocrx_word' id='word_1_180' title='bbox 227 2470 304 2533; x_wconf 90' lang='lat' dir='ltr'>satis</span> <span class='ocrx_word' id='word_1_181' title='bbox 327 2473 399 2552; x_wconf 86' lang='lat' dir='ltr'>apta</span> <span class='ocrx_word' id='word_1_182' title='bbox 423 2487 498 2532; x_wconf 89' lang='lat' dir='ltr'>esse.</span> <span class='ocrx_word' id='word_1_183' title='bbox 545 2467 605 2532; x_wconf 87' lang='lat' dir='ltr'>Sed</span> <span class='ocrx_word' id='word_1_184' title='bbox 628 2486 665 2531; x_wconf 93' lang='lat' dir='ltr'>ne</span> <span class='ocrx_word' id='word_1_185' title='bbox 694 2470 762 2531; x_wconf 88' lang='lat' dir='ltr'>tum</span> <span class='ocrx_word' id='word_1_186' title='bbox 793 2468 918 2549; x_wconf 89' lang='lat' dir='ltr'>quidem</span> <span class='ocrx_word' id='word_1_187' title='bbox 948 2467 1106 2532; x_wconf 86' lang='lat' dir='ltr'>offensioni</span> <span class='ocrx_word' id='word_1_188' title='bbox 1135 2487 1202 2533; x_wconf 88' lang='lat' dir='ltr'>asse</span> <span class='ocrx_word' id='word_1_189' title='bbox 1230 2472 1330 2551; x_wconf 89' lang='lat' dir='ltr'>potest</span> <span class='ocrx_word' id='word_1_190' title='bbox 1361 2470 1444 2550; x_wconf 91' lang='lat' dir='ltr'>quod</span> 
     </span>
     <span class='ocr_line' id='line_1_22' title="bbox 227 2573 1449 2656; baseline -0.001 -17"><span class='ocrx_word' id='word_1_191' title='bbox 227 2579 329 2639; x_wconf 88' lang='lat' dir='ltr'>orator</span> <span class='ocrx_word' id='word_1_192' title='bbox 351 2577 391 2655; x_wconf 59' lang='grc' dir='ltr'>ἐξ</span> <span class='ocrx_word' id='word_1_193' title='bbox 415 2574 588 2638; x_wconf 81' lang='lat' dir='ltr'>roo-186</span> <span class='ocrx_word' id='word_1_194' title='bbox 612 2573 831 2638; x_wconf 88' lang='lat' dir='ltr'>Androticnem</span> <span class='ocrx_word' id='word_1_195' title='bbox 860 2577 891 2637; x_wconf 90' lang='lat' dir='ltr'>et</span> <span class='ocrx_word' id='word_1_196' title='bbox 920 2573 1127 2638; x_wconf 79' lang='lat' dir='ltr'>Timocratem</span> <span class='ocrx_word' id='word_1_197' title='bbox 1156 2575 1346 2656; x_wconf 76' lang='lat' dir='ltr'>aggreditur,</span> <span class='ocrx_word' id='word_1_198' title='bbox 1370 2593 1449 2656; x_wconf 91' lang='lat' dir='ltr'>quo·</span> 
     </span>
     <span class='ocr_line' id='line_1_23' title="bbox 227 2680 1447 2759; baseline 0.002 -15"><span class='ocrx_word' id='word_1_199' title='bbox 227 2681 312 2744; x_wconf 88' lang='lat' dir='ltr'>uiam</span> <span class='ocrx_word' id='word_1_200' title='bbox 342 2681 438 2744; x_wconf 87' lang='lat' dir='ltr'>etiam</span> <span class='ocrx_word' id='word_1_201' title='bbox 470 2680 593 2744; x_wconf 90' lang='lat' dir='ltr'>sublata</span> <span class='ocrx_word' id='word_1_202' title='bbox 615 2681 716 2744; x_wconf 88' lang='lat' dir='ltr'>malae</span> <span class='ocrx_word' id='word_1_203' title='bbox 747 2680 823 2759; x_wconf 93' lang='lat' dir='ltr'>legis</span> <span class='ocrx_word' id='word_1_204' title='bbox 853 2698 948 2744; x_wconf 89' lang='lat' dir='ltr'>causa</span> <span class='ocrx_word' id='word_1_205' title='bbox 977 2680 1042 2744; x_wconf 89' lang='lat' dir='ltr'>eius</span> <span class='ocrx_word' id='word_1_206' title='bbox 1074 2683 1215 2746; x_wconf 89' lang='lat' dir='ltr'>auctores</span> <span class='ocrx_word' id='word_1_207' title='bbox 1244 2700 1306 2745; x_wconf 90' lang='lat' dir='ltr'>non</span> <span class='ocrx_word' id='word_1_208' title='bbox 1337 2681 1447 2746; x_wconf 90' lang='lat' dir='ltr'>minus</span> 
     </span>
     <span class='ocr_line' id='line_1_24' title="bbox 227 2786 867 2869; baseline -0.003 -19"><span class='ocrx_word' id='word_1_209' title='bbox 227 2787 312 2869; x_wconf 81' lang='lat' dir='ltr'>digni</span> <span class='ocrx_word' id='word_1_210' title='bbox 336 2789 409 2850; x_wconf 91' lang='lat' dir='ltr'>suut</span> <span class='ocrx_word' id='word_1_211' title='bbox 432 2787 487 2868; x_wconf 91' lang='lat' dir='ltr'>qui</span> <span class='ocrx_word' id='word_1_212' title='bbox 509 2786 643 2866; x_wconf 89' lang='lat' dir='ltr'>graviter</span> <span class='ocrx_word' id='word_1_213' title='bbox 665 2786 867 2866; x_wconf 79' lang='lat' dir='ltr'>castigentur.</span> 
     </span>
    </p>

    <p class='ocr_par' dir='ltr' id='par_1_5' title="bbox 226 2891 1448 3196">
     <span class='ocr_line' id='line_1_25' title="bbox 332 2891 1445 2974; baseline 0 -19"><span class='ocrx_word' id='word_1_214' title='bbox 332 2892 551 2974; x_wconf 89' lang='lat' dir='ltr'>Nequeminus</span> <span class='ocrx_word' id='word_1_215' title='bbox 560 2894 725 2974; x_wconf 89' lang='lat' dir='ltr'>postquam</span> <span class='ocrx_word' id='word_1_216' title='bbox 739 2892 834 2972; x_wconf 88' lang='lat' dir='ltr'>legati</span> <span class='ocrx_word' id='word_1_217' title='bbox 847 2891 986 2956; x_wconf 85' lang='lat' dir='ltr'>debitum</span> <span class='ocrx_word' id='word_1_218' title='bbox 996 2891 1214 2974; x_wconf 89' lang='lat' dir='ltr'>pependerunt,</span> <span class='ocrx_word' id='word_1_219' title='bbox 1220 2895 1259 2974; x_wconf 57' lang='grc' dir='ltr'>ἐξ</span> <span class='ocrx_word' id='word_1_220' title='bbox 1269 2893 1445 2956; x_wconf 82' lang='lat'>155-159</span> 
     </span>
     <span class='ocr_line' id='line_1_26' title="bbox 226 2997 1448 3080; baseline -0.001 -18"><span class='ocrx_word' id='word_1_221' title='bbox 226 3017 467 3063; x_wconf 90' lang='lat' dir='ltr'>commemorare</span> <span class='ocrx_word' id='word_1_222' title='bbox 493 2999 606 3062; x_wconf 89' lang='lat' dir='ltr'>oratori</span> <span class='ocrx_word' id='word_1_223' title='bbox 632 2997 745 3062; x_wconf 87' lang='lat' dir='ltr'>licebat</span> <span class='ocrx_word' id='word_1_224' title='bbox 761 2997 967 3063; x_wconf 78' lang='lat' dir='ltr'>Timocratem</span> <span class='ocrx_word' id='word_1_225' title='bbox 984 2999 1075 3062; x_wconf 89' lang='lat' dir='ltr'>malis</span> <span class='ocrx_word' id='word_1_226' title='bbox 1095 2999 1214 3062; x_wconf 90' lang='lat' dir='ltr'>artibus</span> <span class='ocrx_word' id='word_1_227' title='bbox 1233 3001 1334 3080; x_wconf 88' lang='lat' dir='ltr'>legem</span> <span class='ocrx_word' id='word_1_228' title='bbox 1353 3017 1448 3062; x_wconf 89' lang='lat' dir='ltr'>suam</span> 
     </span>
     <span class='ocr_line' id='line_1_27' title="bbox 228 3105 851 3196; baseline 0 -28"><span class='ocrx_word' id='word_1_229' title='bbox 228 3105 346 3169; x_wconf 84' lang='lat' dir='ltr'>tulisse.</span> <span class='ocrx_word' id='word_1_230' title='bbox 849 3189 851 3196; x_wconf 14' lang='lat' dir='ltr'>y</span> 
     </span>
    </p>

    <p class='ocr_par' dir='ltr' id='par_1_6' title="bbox 225 3209 1449 4142">
     <span class='ocr_line' id='line_1_28' title="bbox 333 3209 1449 3293; baseline 0.001 -20"><span class='ocrx_word' id='word_1_231' title='bbox 333 3211 497 3274; x_wconf 90' lang='lat' dir='ltr'>Praeterea</span> <span class='ocrx_word' id='word_1_232' title='bbox 520 3209 623 3274; x_wconf 90' lang='lat' dir='ltr'>omnia</span> <span class='ocrx_word' id='word_1_233' title='bbox 646 3228 724 3290; x_wconf 89' lang='lat' dir='ltr'>quae</span> <span class='ocrx_word' id='word_1_234' title='bbox 747 3210 892 3290; x_wconf 86' lang='lat' dir='ltr'>leguntur</span> <span class='ocrx_word' id='word_1_235' title='bbox 915 3211 954 3290; x_wconf 61' lang='grc' dir='ltr'>ἐξ</span> <span class='ocrx_word' id='word_1_236' title='bbox 979 3211 1168 3286; x_wconf 84' lang='grc'><strong>139-154,</strong></span> <span class='ocrx_word' id='word_1_237' title='bbox 1192 3210 1255 3275; x_wconf 86' lang='grc'><strong>6116</strong></span> <span class='ocrx_word' id='word_1_238' title='bbox 1277 3211 1370 3291; x_wconf 86' lang='lat' dir='ltr'>legati</span> <span class='ocrx_word' id='word_1_239' title='bbox 1393 3230 1449 3293; x_wconf 90' lang='lat' dir='ltr'>pe-</span> 
     </span>
     <span class='ocr_line' id='line_1_29' title="bbox 226 3315 1446 3400; baseline 0 -20"><span class='ocrx_word' id='word_1_240' title='bbox 226 3316 398 3400; x_wconf 88' lang='lat' dir='ltr'>penderunt</span> <span class='ocrx_word' id='word_1_241' title='bbox 429 3317 491 3380; x_wconf 87' lang='lat' dir='ltr'>sive</span> <span class='ocrx_word' id='word_1_242' title='bbox 518 3335 579 3379; x_wconf 93' lang='lat' dir='ltr'>non</span> <span class='ocrx_word' id='word_1_243' title='bbox 610 3315 835 3398; x_wconf 83' lang='lat' dir='ltr'>pependerunt,</span> <span class='ocrx_word' id='word_1_244' title='bbox 858 3317 974 3398; x_wconf 87' lang='lat' dir='ltr'>pariter</span> <span class='ocrx_word' id='word_1_245' title='bbox 1003 3317 1116 3380; x_wconf 87' lang='lat' dir='ltr'>valent.</span> <span class='ocrx_word' id='word_1_246' title='bbox 1164 3319 1213 3380; x_wconf 85' lang='lat' dir='ltr'>An</span> <span class='ocrx_word' id='word_1_247' title='bbox 1233 3319 1341 3398; x_wconf 76' lang='lat' dir='ltr'>putas,</span> <span class='ocrx_word' id='word_1_248' title='bbox 1369 3335 1446 3380; x_wconf 89' lang='lat' dir='ltr'>oum</span> 
     </span>
     <span class='ocr_line' id='line_1_30' title="bbox 225 3422 1446 3504; baseline 0.002 -20"><span class='ocrx_word' id='word_1_249' title='bbox 225 3423 302 3485; x_wconf 88' lang='lat' dir='ltr'>iilud</span> <span class='ocrx_word' id='word_1_250' title='bbox 333 3423 493 3498; x_wconf 81' lang='lat' dir='ltr'>fecissent,</span> <span class='ocrx_word' id='word_1_251' title='bbox 523 3424 674 3486; x_wconf 88' lang='lat' dir='ltr'>oratorem</span> <span class='ocrx_word' id='word_1_252' title='bbox 703 3422 807 3486; x_wconf 89' lang='lat' dir='ltr'>miuus</span> <span class='ocrx_word' id='word_1_253' title='bbox 836 3423 913 3487; x_wconf 91' lang='lat' dir='ltr'>bene</span> <span class='ocrx_word' id='word_1_254' title='bbox 942 3423 1164 3504; x_wconf 86' lang='lat' dir='ltr'>comparavisse</span> <span class='ocrx_word' id='word_1_255' title='bbox 1193 3424 1345 3488; x_wconf 84' lang='lat' dir='ltr'>rationem</span> <span class='ocrx_word' id='word_1_256' title='bbox 1382 3442 1446 3504; x_wconf 92' lang='lat' dir='ltr'>qua</span> 
     </span>
     <span class='ocr_line' id='line_1_31' title="bbox 227 3528 1448 3612; baseline 0 -20"><span class='ocrx_word' id='word_1_257' title='bbox 227 3529 314 3592; x_wconf 85' lang='lat' dir='ltr'>Locri</span> <span class='ocrx_word' id='word_1_258' title='bbox 345 3547 467 3610; x_wconf 91' lang='lat' dir='ltr'>quaque</span> <span class='ocrx_word' id='word_1_259' title='bbox 490 3529 692 3606; x_wconf 87' lang='lat' dir='ltr'>Athenienses</span> <span class='ocrx_word' id='word_1_260' title='bbox 724 3529 807 3609; x_wconf 85' lang='lat' dir='ltr'>leges</span> <span class='ocrx_word' id='word_1_261' title='bbox 835 3529 912 3592; x_wconf 80' lang='lat' dir='ltr'>serre</span> <span class='ocrx_word' id='word_1_262' title='bbox 944 3531 1077 3592; x_wconf 83' lang='lat' dir='ltr'>solerent</span> <span class='ocrx_word' id='word_1_263' title='bbox 1101 3528 1152 3610; x_wconf 62' lang='grc' dir='ltr'>(ἐξ</span> <span class='ocrx_word' id='word_1_264' title='bbox 1177 3529 1363 3612; x_wconf 84' lang='grc'><strong>139-143)</strong></span> <span class='ocrx_word' id='word_1_265' title='bbox 1389 3535 1448 3592; x_wconf 85' lang='grc'><strong>6111</strong></span> 
     </span>
     <span class='ocr_line' id='line_1_32' title="bbox 225 3635 1447 3716; baseline 0 -18"><span class='ocrx_word' id='word_1_266' title='bbox 225 3635 439 3709; x_wconf 80' lang='lat' dir='ltr'>Timocratem,</span> <span class='ocrx_word' id='word_1_267' title='bbox 456 3635 508 3715; x_wconf 85' lang='lat' dir='ltr'>qui</span> <span class='ocrx_word' id='word_1_268' title='bbox 525 3635 625 3715; x_wconf 90' lang='lat' dir='ltr'>legem</span> <span class='ocrx_word' id='word_1_269' title='bbox 648 3653 738 3697; x_wconf 90' lang='lat' dir='ltr'>suam</span> <span class='ocrx_word' id='word_1_270' title='bbox 762 3635 840 3698; x_wconf 84' lang='lat' dir='ltr'>alius</span> <span class='ocrx_word' id='word_1_271' title='bbox 864 3635 938 3714; x_wconf 86' lang='lat' dir='ltr'>legis</span> <span class='ocrx_word' id='word_1_272' title='bbox 962 3635 1099 3716; x_wconf 86' lang='lat' dir='ltr'>exemplo</span> <span class='ocrx_word' id='word_1_273' title='bbox 1123 3639 1325 3700; x_wconf 79' lang='lat' dir='ltr'>excusaturus</span> <span class='ocrx_word' id='word_1_274' title='bbox 1353 3639 1447 3709; x_wconf 70' lang='lat' dir='ltr'>esset.</span> 
     </span>
     <span class='ocr_line' id='line_1_33' title="bbox 225 3739 1447 3824; baseline 0.001 -21"><span class='ocrx_word' id='word_1_275' title='bbox 225 3760 336 3824; x_wconf 90' lang='lat' dir='ltr'>parum</span> <span class='ocrx_word' id='word_1_276' title='bbox 364 3743 433 3823; x_wconf 87' lang='lat' dir='ltr'>apte</span> <span class='ocrx_word' id='word_1_277' title='bbox 461 3739 611 3813; x_wconf 57' lang='lat' dir='ltr'>refellisse,</span> <span class='ocrx_word' id='word_1_278' title='bbox 632 3740 684 3821; x_wconf 57' lang='grc' dir='ltr'>(ἐξ</span> <span class='ocrx_word' id='word_1_279' title='bbox 715 3741 925 3821; x_wconf 71' lang='grc'><strong>144-15411</strong></span> <span class='ocrx_word' id='word_1_280' title='bbox 969 3739 1069 3804; x_wconf 91' lang='lat' dir='ltr'>Immo</span> <span class='ocrx_word' id='word_1_281' title='bbox 1097 3741 1169 3805; x_wconf 92' lang='lat' dir='ltr'>licet</span> <span class='ocrx_word' id='word_1_282' title='bbox 1196 3742 1290 3822; x_wconf 86' lang='lat' dir='ltr'>legati</span> <span class='ocrx_word' id='word_1_283' title='bbox 1320 3742 1447 3804; x_wconf 89' lang='lat' dir='ltr'>nullum</span> 
     </span>
     <span class='ocr_line' id='line_1_34' title="bbox 226 3847 1442 3930; baseline 0.001 -21"><span class='ocrx_word' id='word_1_284' title='bbox 226 3848 302 3927; x_wconf 88' lang='lat' dir='ltr'>legis</span> <span class='ocrx_word' id='word_1_285' title='bbox 326 3848 461 3911; x_wconf 77' lang='lat' dir='ltr'>fructum</span> <span class='ocrx_word' id='word_1_286' title='bbox 484 3848 655 3928; x_wconf 90' lang='lat' dir='ltr'>percepturi</span> <span class='ocrx_word' id='word_1_287' title='bbox 685 3847 815 3922; x_wconf 81' lang='lat' dir='ltr'>fuerint,</span> <span class='ocrx_word' id='word_1_288' title='bbox 840 3848 887 3910; x_wconf 88' lang='lat' dir='ltr'>lex</span> <span class='ocrx_word' id='word_1_289' title='bbox 909 3848 976 3930; x_wconf 91' lang='lat' dir='ltr'>ipsa</span> <span class='ocrx_word' id='word_1_290' title='bbox 999 3848 1200 3912; x_wconf 89' lang='lat' dir='ltr'>nihilominus</span> <span class='ocrx_word' id='word_1_291' title='bbox 1229 3848 1272 3912; x_wconf 90' lang='lat' dir='ltr'>rei</span> <span class='ocrx_word' id='word_1_292' title='bbox 1300 3848 1442 3930; x_wconf 90' lang='lat' dir='ltr'>publicae</span> 
     </span>
     <span class='ocr_line' id='line_1_35' title="bbox 226 3952 1446 4035; baseline 0.001 -19"><span class='ocrx_word' id='word_1_293' title='bbox 226 3954 396 4035; x_wconf 88' lang='lat' dir='ltr'>perniciosa</span> <span class='ocrx_word' id='word_1_294' title='bbox 418 3956 493 4016; x_wconf 89' lang='grc'><strong>6161.</strong></span> <span class='ocrx_word' id='word_1_295' title='bbox 537 3952 646 4034; x_wconf 91' lang='lat' dir='ltr'>Neque</span> <span class='ocrx_word' id='word_1_296' title='bbox 676 3954 765 4017; x_wconf 89' lang='lat' dir='ltr'>aliter</span> <span class='ocrx_word' id='word_1_297' title='bbox 796 3953 897 4018; x_wconf 89' lang='lat' dir='ltr'>iudico</span> <span class='ocrx_word' id='word_1_298' title='bbox 926 3955 963 4018; x_wconf 88' lang='lat' dir='ltr'>de</span> <span class='ocrx_word' id='word_1_299' title='bbox 987 3956 1026 4034; x_wconf 65' lang='grc' dir='ltr'>ἓξ</span> <span class='ocrx_word' id='word_1_300' title='bbox 1051 3953 1239 4029; x_wconf 77' lang='lat' dir='ltr'>llo-124,</span> <span class='ocrx_word' id='word_1_301' title='bbox 1264 3954 1300 4017; x_wconf 96' lang='lat' dir='ltr'>de</span> <span class='ocrx_word' id='word_1_302' title='bbox 1330 3953 1446 4035; x_wconf 89' lang='lat' dir='ltr'>quibus</span> 
     </span>
     <span class='ocr_line' id='line_1_36' title="bbox 226 4059 1203 4142; baseline 0.001 -20"><span class='ocrx_word' id='word_1_303' title='bbox 226 4059 307 4122; x_wconf 82' lang='lat' dir='ltr'>infra</span> <span class='ocrx_word' id='word_1_304' title='bbox 329 4060 384 4123; x_wconf 91' lang='lat' dir='ltr'>ubi</span> <span class='ocrx_word' id='word_1_305' title='bbox 406 4063 514 4123; x_wconf 87' lang='lat' dir='ltr'>contra</span> <span class='ocrx_word' id='word_1_306' title='bbox 535 4060 693 4123; x_wconf 80' lang='lat' dir='ltr'>Blossium</span> <span class='ocrx_word' id='word_1_307' title='bbox 717 4061 882 4142; x_wconf 88' lang='lat' dir='ltr'>disputabo</span> <span class='ocrx_word' id='word_1_308' title='bbox 903 4061 1078 4124; x_wconf 85' lang='lat' dir='ltr'>accuratius</span> <span class='ocrx_word' id='word_1_309' title='bbox 1102 4079 1203 4140; x_wconf 86' lang='lat' dir='ltr'>agam.</span> 
     </span>
    </p>

    <p class='ocr_par' dir='ltr' id='par_1_7' title="bbox 226 4166 1448 4356">
     <span class='ocr_line' id='line_1_37' title="bbox 333 4166 1448 4248; baseline 0 -20"><span class='ocrx_word' id='word_1_310' title='bbox 333 4166 436 4230; x_wconf 89' lang='lat' dir='ltr'>Minus</span> <span class='ocrx_word' id='word_1_311' title='bbox 460 4166 611 4247; x_wconf 89' lang='lat' dir='ltr'>quadrare</span> <span class='ocrx_word' id='word_1_312' title='bbox 633 4169 776 4248; x_wconf 86' lang='lat' dir='ltr'>putarem</span> <span class='ocrx_word' id='word_1_313' title='bbox 794 4169 833 4247; x_wconf 58' lang='grc' dir='ltr'>ἐξ</span> <span class='ocrx_word' id='word_1_314' title='bbox 852 4168 1034 4241; x_wconf 77' lang='lat' dir='ltr'>raa-138,</span> <span class='ocrx_word' id='word_1_315' title='bbox 1052 4167 1078 4229; x_wconf 93' lang='lat' dir='ltr'>si</span> <span class='ocrx_word' id='word_1_316' title='bbox 1097 4167 1188 4247; x_wconf 87' lang='lat' dir='ltr'>legati</span> <span class='ocrx_word' id='word_1_317' title='bbox 1212 4166 1306 4230; x_wconf 90' lang='lat' dir='ltr'>etiam</span> <span class='ocrx_word' id='word_1_318' title='bbox 1324 4170 1448 4248; x_wconf 86' lang='lat' dir='ltr'>praeter</span> 
     </span>
     <span class='ocr_line' id='line_1_38' title="bbox 226 4271 1446 4356; baseline 0 -20"><span class='ocrx_word' id='word_1_319' title='bbox 226 4273 390 4356; x_wconf 88' lang='lat' dir='ltr'>pecuniam</span> <span class='ocrx_word' id='word_1_320' title='bbox 413 4273 547 4337; x_wconf 89' lang='lat' dir='ltr'>solutam</span> <span class='ocrx_word' id='word_1_321' title='bbox 570 4273 614 4338; x_wconf 89' lang='grc'>161</span> <span class='ocrx_word' id='word_1_322' title='bbox 636 4273 776 4355; x_wconf 88' lang='lat' dir='ltr'>publicae</span> <span class='ocrx_word' id='word_1_323' title='bbox 800 4293 863 4336; x_wconf 92' lang='lat' dir='ltr'>non</span> <span class='ocrx_word' id='word_1_324' title='bbox 885 4273 951 4336; x_wconf 89' lang='lat' dir='ltr'>iam</span> <span class='ocrx_word' id='word_1_325' title='bbox 972 4272 1127 4337; x_wconf 89' lang='lat' dir='ltr'>deberent.</span> <span class='ocrx_word' id='word_1_326' title='bbox 1163 4271 1224 4338; x_wconf 87' lang='lat' dir='ltr'>Sed</span> <span class='ocrx_word' id='word_1_327' title='bbox 1246 4275 1337 4336; x_wconf 89' lang='lat' dir='ltr'>antea</span> <span class='ocrx_word' id='word_1_328' title='bbox 1357 4291 1376 4336; x_wconf 87' lang='grc'>6</span> <span class='ocrx_word' id='word_1_329' title='bbox 1393 4291 1446 4336; x_wconf 90' lang='lat' dir='ltr'>me</span> 
     </span>
    </p>
   </div>
   <div class='ocr_carea' id='block_1_3' title="bbox 0 0 1620 4884">
    <p class='ocr_par' dir='ltr' id='par_1_8' title="bbox 0 0 1620 4884">
     <span class='ocr_line' id='line_1_39' title="bbox 0 0 1620 4884; baseline 0 0"><span class='ocrx_word' id='word_1_330' title='bbox 0 0 1620 4884; x_wconf 95' lang='lat' dir='ltr'> </span> 
     </span>
    </p>
   </div>
  </div>
 </body>
</html>
