3232 4890
765 277 784 338 5

271 489 359 572 ylex
382 489 521 552 consulto
544 507 653 570 parum
677 489 834 571 perspicue
865 491 1010 570 concepta
1041 491 1104 564 est,
1139 491 1174 551 ut
1205 485 1381 556 hominibus

159 596 301 660 scelestis
325 599 485 659 succurrat
508 583 543 676 §§
563 596 711 658 79-9ll
925 677 927 680 Ι

270 721 286 764 c
309 703 355 765 lex
378 702 421 765 rei
444 701 584 782 publicae
607 701 740 766 maxime
764 699 933 783 perniciosa
957 703 1012 774 est,
1037 699 1118 781 quod

270 830 291 868 α
312 827 361 870 res
385 807 508 888 publica
532 807 571 870 ad
594 806 771 870 bellandum
787 807 891 868 minus
907 807 1015 869 idonea
1031 806 1172 870 redditur
1185 805 1227 888 §§'
1238 807 1380 879 tel-95,

268 917 291 994 β
313 913 490 995 prohibetur
513 913 677 994 quominus
700 916 781 976 recte
805 911 1096 994 administretnr§§
1121 913 1292 986 eft-101,
1360 941 1365 960 r

269 1039 415 1102 yomnes
450 1019 588 1082 homines
621 1019 742 1082 scelesti
775 1037 872 1100 poena
910 1019 1039 1082 carceris
1069 1037 1087 1081 a
1118 1017 1226 1082 Solone
1263 1021 1380 1082 statuta

156 1126 332 1190 liberantur
353 1125 389 1206 §§
409 1126 601 1188 rua-107.

267 1233 296 1295 4.
320 1232 504 1312 gravissima
538 1231 631 1294 totius
670 1231 945 1311 argumentationis
967 1232 1085 1313 ‘capita
1126 1231 1257 1294 breuiter
1298 1249 1381 1294 conr-

156 1337 392 1420 prehenduntur
415 1335 653 1418 §§108·-109.

266 1443 295 1505 V
322 1443 414 1507 Pars
449 1443 553 1506 varia
580 1447 615 1506 et
639 1461 772 1524 parum
800 1444 905 1506 inter
925 1461 961 1506 se
985 1461 1121 1507 conexa
1148 1447 1379 1524 argumenta

156 1549 381 1613 continens.
790 1559 793 1570 '
1214 1557 1216 1561 '

266 1653 411 1718 Consulto
427 1658 493 1718 tam
509 1656 593 1717 mala
609 1655 656 1718 lex
672 1671 690 1717 a
705 1655 876 1718 Timocrate
892 1655 965 1718 data
981 1657 1028 1718 est
1043 1654 1060 1735 §
1079 1655 1151 1717 110.

264 1761 462 1835 Timocrates
487 1779 579 1842 quem
601 1779 663 1823 non
680 1762 806 1825 miseret
821 1761 954 1824 virorum
974 1761 1182 1824 misericordia
1205 1759 1377 1840 dignorum,

155 1867 366 1949 impudentiae
383 1867 575 1930 accusandus
593 1870 648 1940 est,
665 1867 745 1947 quod
761 1867 798 1930 iis
815 1868 868 1947 qni
884 1867 926 1930 rei
943 1867 1082 1948 publicae
1095 1870 1126 1930 et
1141 1865 1198 1929 diis
1211 1866 1375 1948 pecuniam
1471 1884 1475 1896 ⁵

156 1974 372 2064 surripuerunt
387 1973 606 2054 impunitatem
622 1991 729 2054 parare
746 1973 866 2036 studuit
881 1973 916 2054 §§
936 1974 1118 2035 111-1-12.

263 2079 415 2142 Narratur
431 2079 580 2159 quomodo
597 2078 666 2142 Solo
683 2097 734 2142 eos
755 2079 863 2160 puniat
879 2080 932 2160 qui
955 2097 1082 2160 parram
1105 2097 1172 2142 rem
1193 2077 1286 2140 iurati
1308 2079 1371 2141 sint

155 2188 189 2248 et
225 2185 376 2266 quomodo
407 2185 595 2248 Timocrates
611 2185 662 2276 in
703 2184 865 2266 puniendis
905 2184 1023 2247 turibus
1055 2203 1127 2247 oum
1157 2202 1191 2247 eo
1223 2183 1374 2265 discrepet

155 2291 196 2372 ἐξ
217 2293 279 2353 113
298 2327 338 2335 -
357 2291 430 2353 116.
487 2277 674 2372 Timocrates
698 2294 882 2372 potestatem
906 2291 1042 2354 iudicum
1062 2289 1192 2370 frangit,
1215 2293 1251 2353 ut
1276 2291 1375 2352 homi·
1415 2322 1417 2326 ·

155 2397 247 2460 nibus
270 2397 405 2460 scelestis
430 2397 540 2458 auxilio
562 2395 666 2459 veniat
687 2396 723 2478 §§
742 2397 924 2460 117—119.

263 2502 299 2566 In
317 2503 429 2584 quibus
444 2503 465 2564 ii
490 2521 609 2583 quoque
626 2506 700 2581 sunt
722 2521 775 2584 pro
791 2503 902 2582 quibus
918 2501 1106 2566 Timocrates
1120 2502 1235 2582 legem
1249 2502 1377 2582 rogasit.

155 2608 303 2682 Androtio
325 2609 534 2689 collegaeque,
565 2627 637 2671 oum
666 2611 774 2671 merito
798 2611 828 2671 et
848 2607 930 2672 fures
952 2611 983 2671 et
1004 2608 1170 2690 direptores
1193 2609 1376 2696 templorum

152 2715 313 2789 dicantur,
336 2733 415 2796 quae
438 2715 579 2796 superbia
602 2715 640 2777 iis
663 2733 681 2776 a
702 2714 759 2778 dea
782 2714 849 2796 ipsa
865 2714 977 2778 iniecta
993 2714 1212 2790 videturesse,
1232 2717 1270 2777 ut
1291 2715 1375 2794 graii

153 2820 470 2903 poenaaffioerentur
496 2820 531 2902 §§
557 2821 739 2883 lac-121.

262 2925 341 2990 Cum
364 2926 551 2990 Timocrates
575 2926 754 3008 publicanos
780 2926 949 2990 secundum
972 2925 1116 3007 pristinas
1148 2927 1230 3006 leges
1255 2925 1372 3008 puniat,

156 3032 242 3096 fures
259 3032 487 3113 direptoresque
503 3033 696 3120 templorum
711 3032 815 3114 poenis
837 3032 959 3108 liberet,
982 3033 1121 3112 sequitur
1134 3051 1212 3094 eum
1242 3033 1369 3113 pecunia

154 3141 334 3220 corruptum
351 3157 404 3220 pro
421 3139 468 3200 his
485 3139 584 3218 legem
601 3139 709 3202 tulisse
727 3137 744 3219 §
764 3138 835 3200 122.

264 3244 398 3324 Populus
415 3245 447 3306 in
462 3244 582 3323 legibus
600 3243 758 3308 servandis
775 3246 805 3308 et
820 3242 952 3306 terendis
969 3243 1370 3324 oratoribnsmagnitudine

158 3350 255 3414 animi
271 3351 359 3429 longe
375 3353 527 3431 praestat,
545 3351 598 3431 qui
621 3350 820 3413 scelestorum
836 3350 1054 3431 impunitatem
1077 3352 1234 3412 sectantur
1249 3352 1279 3413 et
1295 3349 1371 3412 diri-

153 3460 201 3520 tes
223 3456 298 3519 tacti
321 3453 554 3518 multitudinem
578 3459 778 3519 contemnunt
801 3455 837 3536 §§
858 3455 1039 3518 raa-124.

261 3562 501 3625 Demonstrutur
524 3581 585 3624 non
608 3565 696 3644 turpe
720 3580 786 3624 esse
809 3563 926 3640 legatos
949 3561 1016 3624 illos
1043 3562 1075 3624 in
1099 3579 1252 3626 carcerem
1276 3563 1372 3625 conici

154 3668 191 3750 ἓξ
211 3668 393 3731 125-138.

262 3772 420 3852 Quomodo
433 3772 519 3835 Locri
535 3775 565 3836 et
584 3773 785 3836 Athenienses
801 3773 882 3836 inter
897 3792 929 3836 se
945 3771 1087 3836 differant
1102 3773 1222 3853 legibus
1237 3772 1368 3838 ferendis

153 3879 189 3962 §§
208 3879 391 3942 139-143.

257 3985 423 4048 Timocrati
436 4004 494 4047 non
511 3984 589 4060 licet,
606 3987 642 4047 nt
659 4003 690 4047 se
703 3983 961 4066 defendatlegem
977 3985 1064 4047 illam
1077 3983 1182 4049 afferre
1196 3971 1268 4046 odda*
1284 3974 1372 4070 dejure

155 4089 221 4154 art.
246 4093 286 4170 ἐξ
307 4091 488 4154 144-151.

260 4196 444 4260 Timendum
464 4200 511 4259 est
530 4215 568 4258 ne
588 4195 772 4278 respublica
788 4197 883 4260 libera
899 4199 1063 4272 evertatur,
1081 4199 1244 4279 postquam
1260 4195 1374 4260 iudicia

153 4303 276 4366 sublata
299 4305 372 4366 sunt
392 4302 428 4384 §§
447 4303 629 4365 152-154.
