3232 4890
729 259 769 320 19

241 470 323 532 Tum
355 469 800 551 §§123—124Dabmsius
830 470 931 552 potius
959 472 1064 535 locum
1094 489 1293 536 communem
1325 471 1365 534 de

130 579 298 641 oratorum
313 575 435 639 divitias
448 576 642 658 captantium
658 580 688 640 et
700 577 821 658 plebem
838 577 1102 642 contemnentium
1115 579 1258 660 superbia
1273 581 1363 659 putat

133 701 236 764 quam
265 682 452 746 senteutiam
479 682 623 764 praebere
652 682 692 745 ad
714 682 921 747 Timocratem
944 683 1071 765 eiusque
1095 701 1223 746 causam
1246 687 1361 764 aptam.

137 789 202 854 Sed
218 788 258 852 ad
274 788 403 852 oratoris
418 789 607 870 propositum
623 788 736 870 optime
752 789 802 852 hic
817 789 902 854 locus
919 789 1060 870 quadrat.
1105 789 1188 852 Nam
1204 808 1240 853 er
1256 807 1362 864 eorum

140 895 195 976 qui
215 895 299 975 leges
315 897 425 974 rogant
444 894 583 957 moribus
602 913 638 957 ae
657 896 739 958 vitae
760 895 877 958 ratione
893 895 998 975 aliqua
1020 913 1057 958 er
1071 896 1158 976 parte
1174 895 1364 980 intellegitur

139 1001 247 1082 quales
271 1001 335 1063 sint
356 999 437 1079 leges
464 1017 542 1081 quas
564 999 666 1064 ferant
689 1000 823 1082 quidque
846 999 883 1063 iis
894 1000 1019 1081 assequi
1034 1001 1187 1064 studeant.
1242 999 1310 1079 Qua
1326 1000 1363 1064 de

137 1125 237 1170 causa
253 1107 287 1168 in
311 1105 406 1169 aliisl
431 1124 551 1187 quoque
570 1106 758 1170 orationibus
781 1107 944 1186 inquibus
965 1107 1065 1186 legem
1085 1106 1223 1188 aliquam
1242 1108 1364 1188 impug-

139 1216 200 1277 nat
223 1213 448 1276 Demosthenes
477 1212 510 1274 in
537 1213 619 1294 ipsos
647 1214 782 1276 oratores
812 1212 865 1293 qui
896 1231 966 1276 eam
995 1216 1179 1293 rogaverunt
1200 1212 1362 1278 invehitur.

141 1318 381 1382 Concedendum
418 1317 542 1400 quidem
577 1320 640 1392 est,
685 1318 711 1380 si
746 1318 896 1382 rationem
931 1318 1103 1382 habeamus
1137 1319 1362 1383 sententiarum

141 1425 363 1500 cohaerentiae,
387 1424 445 1487 hoe
464 1427 558 1506 caput
581 1442 640 1486 non
658 1443 712 1488 suo
735 1425 800 1488 loco
822 1423 957 1506 positum
980 1443 1055 1500 esse,
1079 1443 1152 1488 cum
1166 1443 1267 1506 neque
1290 1443 1363 1488 eum

143 1533 179 1596 iis
203 1549 283 1612 quae
307 1529 496 1594 antecedunt
525 1549 625 1612 neque
654 1549 726 1593 curn
754 1529 792 1594 iis
816 1549 895 1611 quae
924 1533 1096 1612 sequuntur
1123 1533 1193 1612 apte
1221 1530 1364 1611 coniungi

140 1638 253 1720 possit;
277 1635 332 1700 sed
357 1636 429 1700 inde
451 1655 512 1699 non
535 1635 668 1700 efficitur
683 1636 925 1700 Demosthenem
947 1637 1013 1700 eius
1030 1637 1187 1701 auctorem
1210 1654 1271 1700 uon
1287 1655 1362 1700 esse.

250 1743 413 1806 Praeterea
435 1741 604 1806 Dahmsius
628 1727 781 1824 vituperat
803 1742 912 1822 5128,
935 1741 989 1805 ubi
1011 1745 1113 1806 orator
1135 1745 1242 1807 namet
1264 1760 1363 1808 unum

140 1869 179 1914 ex
216 1849 340 1930 legatie,
380 1847 576 1923 Glaucam,
617 1847 697 1912 belle
738 1847 994 1931 Peloponnesiaco
1035 1847 1075 1911 ad
1107 1847 1363 1912 Lacedaemonios

145 1955 311 2020 Deceleam
335 1957 573 2034 transgressum,
598 1953 669 2018 iude
690 1954 768 2018 fines
780 1954 1017 2018 Atheniensium
1039 1953 1210 2035 diripuisse.
1244 1952 1312 2032 Qua
1330 1955 1363 2016 in

144 2081 175 2126 rc
199 2063 265 2124 iam
288 2061 453 2125 scholiasta
478 2059 611 2133 offendit,
638 2061 690 2142 qui
714 2059 753 2123 ad
769 2061 845 2124 haec
860 2059 1035 2124 adnotavit:
1060 2058 1109 2122 dei
1124 2054 1237 2122 coinon
1252 2055 1364 2122 τοῑτον

147 2160 435 2250 πανυγεραίιατον,
472 2158 506 2228 εἴ
524 2187 559 2251 γε
589 2161 674 2250 λέγει
711 2152 806 2228 αὐτὸν
834 2161 1028 2249 γεγενῆσθαι
1057 2160 1090 2228 ἐν
1117 2161 1164 2250 τῷ
1193 2161 1278 2228 τέλει
1308 2161 1364 2228 coi

148 2268 457 2358 Πελοποννησιαιοῦ
478 2269 626 2352 πολέμου
648 2269 705 2334 καὶ
732 2265 781 2334 tta
808 2268 862 2358 ζῆν
890 2267 923 2334 ἐν
943 2273 1014 2347 τοῖς
1041 2269 1265 2347 Φιλιππικοῖς
1290 2262 1363 2356 χρό-

145 2403 223 2456 νοις.
263 2378 346 2444 Sane
370 2378 492 2442 etiamsi
516 2377 643 2442 demum
666 2397 747 2442 anno
770 2376 1016 2442 conclamans
1046 2377 1084 2441 ad
1109 2377 1364 2444 Lacedaemonios

145 2485 316 2566 transfugit
338 2484 401 2548 sire
425 2485 464 2547 ab
487 2484 525 2547 iis
548 2488 656 2567 captus
680 2487 728 2548 est
752 2483 801 2565 (ci.
820 2483 964 2548 Schaeler
986 2483 1002 2546 Ι
1024 2503 1053 2565 p.
1072 2484 1160 2566 329),
1183 2483 1363 2548 adulescens

146 2591 257 2672 viginti
279 2590 340 2656 tere
364 2609 525 2666 annorum,
549 2608 629 2653 anno
657 2587 765 2674 stela,
788 2609 849 2671 quo
872 2589 978 2654 habita
1001 2592 1049 2653 est
1070 2589 1271 2664 Timocratem
1294 2591 1364 2672 plus

145 2698 345 2780 septuaginta
369 2715 467 2760 annos
490 2699 585 2759 natus
609 2699 683 2758 erat.
730 2693 791 2759 Sed
813 2696 887 2760 licet
909 2695 1113 2760 Athenienses
1137 2714 1225 2760 senes
1247 2696 1364 2776 legatos

144 2805 270 2867 mittere
293 2821 356 2866 non
380 2802 603 2877 consueverint,
626 2801 692 2866 fieri
715 2801 879 2882 aliquando
903 2805 938 2865 ut
962 2821 1054 2866 senex
1075 2801 1145 2883 plus
1169 2801 1365 2883 septuaginta

141 2917 300 2974 annorum
324 2908 501 2972 mitteretur
522 2907 630 2989 utique
651 2910 779 2989 poteret.
824 2906 932 2988 Neque
947 2907 1022 2970 talia
1045 2907 1084 2970 ab
1099 2907 1365 2988 interpolatoribus

114 3016 219 3096 ,fingi
248 3015 358 3080 solent.
406 3017 507 3096 Atque
541 3015 617 3078 haec
652 3033 701 3078 res
736 3013 767 3077 in
802 3031 838 3077 ea
868 3031 929 3094 qua
957 3013 1071 3094 legitur
1099 3013 1365 3095 comprehensione

142 3123 320 3186 maximam
349 3121 413 3184 rim
442 3120 544 3184 habet.
609 3121 693 3184 Nam
730 3122 895 3202 postquam
932 3122 1093 3184 narratum
1131 3123 1179 3183 est
1216 3119 1365 3200 quomodo

135 3229 316 3316 ‚Glaucetes
355 3227 496 3290 hostibus
534 3226 687 3292 decimam
724 3225 855 3308 praedae
892 3228 1035 3290 accurate
1074 3225 1228 3300 solvisset,
1264 3226 1364 3290 multo

140 3334 306 3398 efficacius
330 3352 367 3396 ex
390 3333 526 3415 opposito
549 3333 749 3412 subiungitur
770 3331 853 3396 idem
868 3331 943 3396 deae
965 3333 1120 3413 praestare
1137 3349 1209 3396 eum
1224 3331 1367 3396 noluisse.

143 3440 251 3519 Quare
274 3458 375 3520 neque
398 3439 480 3502 illius
502 3439 547 3502 rei
569 3438 819 3502 commemoratio
851 3437 916 3501 sine
949 3437 1118 3502 sententiae
1150 3437 1263 3500 damno
1294 3437 1367 3502 huic

145 3547 213 3611 loco
235 3546 330 3610 enimi
352 3548 453 3627 potest
474 3563 574 3626 neque
596 3547 698 3608 totum
726 3545 827 3608 locum
850 3563 911 3608 non
940 3563 1005 3608 esse
1029 3543 1244 3608 Demosthenis
1273 3561 1368 3608 causa

140 3653 224 3716 satie
248 3655 334 3716 certa
357 3651 497 3715 efficitur.

259 3866 269 3894 ¹
289 3860 328 3916 Cf.
347 3859 445 3914 XXIII
465 3861 516 3916 146
535 3861 563 3912 εἴ
575 3880 616 3915 τις
633 3852 700 3928 ὑμᾶς
718 3863 806 3930 ἔροιτο
823 3865 853 3910 τί
868 3857 1056 3930 πονηρότατον
1073 3861 1196 3926 νομίζετε
1213 3858 1269 3909 τιῦν
1288 3863 1317 3910 ἐν
1334 3857 1368 3930 τῇ

144 3946 223 4002 πόλει
241 3947 357 4002 πάντων
376 3949 474 4010 ἐθνῶν,
496 3943 556 4002 οὔτε
573 3943 634 4004 τοὺς
652 3942 782 4020 γεωργοὺς
801 3943 861 3999 οἵτε
880 3945 1009 4018 ἐμπόρους
1029 3942 1088 4000 οὔτε
1106 3942 1167 4002 τοὺς
1179 3951 1207 3998 ἐκ
1219 3947 1275 3998 τῶν
1287 3939 1367 4017 εἶργε·

146 4045 229 4106 ρείοιν
248 4033 310 4090 οὔτε
328 4037 384 4089 τῶν
401 4033 532 4090 τοιούτιον
553 4031 631 4089 oddae
650 4031 684 4088 ‹b›
703 4038 817 4098 εἴποιτε,
843 4029 924 4088 αλλέἰ
947 4031 1008 4091 τοὺς
1028 4041 1072 4088 ἐπὶ
1096 4035 1190 4101 neoda]
1214 4033 1300 4105 λέγειν
1323 4040 1366 4094 καὶ

141 4126 263 4198 ypripoew
282 4123 416 4181 εἰωθότας
435 4127 504 4178 εἴποι
522 4147 569 4188 τις,
591 4112 619 4178 οὗ
638 4118 688 4178 old'
705 4118 746 4179 ὅτι
766 4118 930 4194 συμφήσαιτ’
951 4119 985 4176 ἄν
1012 4119 1135 4179 ἅπαντες.
1169 4127 1246 4193 μέχρι
1265 4117 1367 4192 μὲνδὴ

146 4215 247 4270 τούτου
266 4214 353 4270 καλιῦε
372 4212 511 4286 ἐγνώκατε,
530 4215 593 4270 ibid.
607 4215 666 4268 211.
685 4213 770 4268 XXII
789 4214 812 4268 3.
929 4205 932 4212 ¹

259 4303 427 4358 2Demosth.
445 4303 484 4358 ed.
504 4303 617 4358 Dindorf
631 4303 673 4356 IX
691 4321 717 4372 p.
737 4303 795 4356 783.

1161 4405 1197 4459 2*
