3232 4890
748 249 956 347 „e-

244 459 425 542 priusquam
460 459 554 538 legati
588 459 757 524 solvissent.
812 459 899 538 Quod
933 463 970 522 ut
1005 459 1193 541 comprobet,
1225 459 1378 524 l⁷ieaeus¹
1409 479 1468 542 pro

245 566 381 648 exemplo
404 565 563 628 Demosth.
587 563 677 628 lDlll
702 567 740 628 11
771 562 882 628 aoirrov
905 559 969 643 ἔχει
991 555 1114 648 τρόπον
1137 554 1154 628 ὃ
1177 555 1282 646 νόμος,
1306 566 1358 628 ἵνα
1380 563 1467 652 μηδὲ

244 668 425 757 πεισθῆναι
447 658 521 756 μηδ’
547 667 793 756 ἐξαπατηθῆναι
817 657 932 755 γένοιτ)
957 666 1015 733 ἐπὶ
1037 667 1084 756 τῷ
1100 661 1199 756 ,δήμῳ
1221 671 1317 736 affert.
1349 671 1469 755 Opina-

243 781 295 842 tur
324 783 431 841 autern
469 781 599 858 uterque
634 781 794 852 oratorem,
834 778 860 841 si
890 778 1007 856 legatos
1034 778 1097 840 iarn
1131 778 1256 841 solvisse
1291 779 1467 859 significare

245 885 398 959 voluisset,
421 883 549 946 modum
572 883 744 964 optativum
766 883 979 947 adhibitunrm
1003 884 1107 947 fnisse.
1153 883 1269 947 Verum
1293 885 1369 948 satis
1393 904 1469 948 con-

245 993 308 1054 stat
343 989 570 1053 coniunctivum
601 990 634 1050 in
666 989 832 1054 enuntiatis
874 990 1018 1054 finalibus
1055 989 1169 1070 ubique
1205 991 1306 1054 locum
1340 990 1466 1056 habere.

244 1096 408 1160 Praeterea
429 1095 474 1157 illi
497 1095 555 1177 ipsi
578 1113 683 1160 revera
706 1095 780 1158 huic
802 1096 847 1158 rei
869 1095 946 1158 nihil
968 1097 1117 1160 momenti
1141 1096 1290 1170 tribuunt,
1314 1097 1466 1177 quoniam

245 1203 326 1266 hano
348 1205 469 1284 partem
492 1201 524 1264 in
547 1200 646 1264 altera
669 1201 831 1282 scriptione
854 1204 1006 1265 retentam
1029 1221 1096 1265 0000
1119 1203 1233 1265 volunt.

351 1307 443 1370 Porro
474 1307 512 1388 ἕξ
536 1307 606 1369 9—-
619 1308 658 1368 10
689 1307 749 1370 iere
778 1307 861 1369 idem
892 1307 1023 1371 breviter
1052 1309 1170 1370 narrari
1193 1308 1333 1372 Blassius
1363 1309 1469 1372 011011-

244 1417 311 1476 mat
340 1413 421 1495 quod
448 1413 486 1494 ἐξ
518 1413 661 1476 10-17
692 1412 818 1476 uberius
849 1418 1026 1494 exponatur.
1084 1413 1145 1477 Seri
1174 1414 1200 1476 si
1228 1414 1371 1478 orationis
1402 1413 1468 1478 dis-

244 1519 426 1602 positionem
455 1518 578 1600 propius
608 1517 804 1599 inspicimus,
840 1518 871 1580 in
901 1521 1033 1599 utraque
1059 1523 1147 1600 parte
1175 1519 1311 1583 diversas
1345 1539 1394 1584 res
1425 1521 1468 1583 ab

244 1625 361 1688 oratore
384 1625 510 1706 proferri
533 1623 750 1704 intellegimus.
788 1623 891 1688 Priore
915 1624 996 1688 enim
1019 1625 1083 1688 looo
1108 1645 1140 1688 se
1152 1625 1359 1689 Timocratem
1376 1644 1467 1690 reum

245 1731 353 1796 fecisse
382 1730 531 1805 ostendit,
563 1729 644 1810 quod
675 1729 739 1794 eius
769 1730 835 1806 lege
866 1730 985 1792 occasio
1014 1730 1182 1794 ulciscendi
1205 1731 1264 1794 sibi
1287 1734 1392 1813 erepta
1415 1732 1467 1795 011.

246 1836 414 1900 Ρο01011010
431 1839 537 1899 autem
553 1835 703 1916 quomodo
714 1834 902 1898 Timocrates
918 1836 1018 1914 legem
1034 1854 1124 1899 suam
1140 1837 1247 1900 tulerit
1261 1837 1466 1918 persequitur.

351 1941 437 2020 Quae
461 1960 534 2005 cnm
564 1941 608 2004 ita
641 1941 719 2014 sint,
755 1940 895 2004 Blassius
924 1941 1036 2004 iniuria
1063 1943 1254 2023 prooemium
1285 1943 1416 2024 pecunia
1447 1962 1467 2006 a

244 2048 354 2128 legatis
387 2049 488 2111 soluta
511 2066 544 2111 eo
570 2066 628 2129 quo
652 2046 719 2110 11111
742 2047 830 2110 modo
855 2050 1081 2111 commutatum
1112 2066 1178 2112 esse
1209 2049 1327 2112 statuit.
1374 2048 1468 2112 Prae-

245 2158 327 2217 terea
340 2153 428 2217 facile
440 2153 644 2218 demonstrari
657 2156 756 2234 potest
765 2153 875 2216 Blassii
891 2153 1105 2216 distributione
1117 2173 1221 2218 rerum
1234 2153 1466 2218 cohaerentiam

244 2259 333 2324 valde
346 2259 510 2324 obscurari.
540 2259 624 2321 Nam
640 2259 665 2322 si
679 2260 745 2322 eius
757 2259 906 2322 iudicium
919 2277 1126 2339 sequeremur,
1142 2261 1174 2322 in
1187 2260 1286 2342 prima
1298 2261 1466 2342 scriptione

245 2366 282 2430 de
299 2367 366 2448 ipsa
378 2385 456 2447 queo
473 2366 575 2446 agitur
589 2384 622 2428 10
637 2365 714 2427 nihil
730 2367 1007 2428 commemoratum
1023 2367 1113 2440 esset,
1137 2385 1175 2428 ne
1198 2366 1323 2429 nomina
1339 2367 1464 2447 quidem

245 2473 425 2552 legatorum,
449 2491 548 2552 neque
570 2472 686 2534 mentio
713 2471 799 2534 fieret
821 2471 986 2550 rogationis
1010 2471 1208 2535 Euctemonis
1231 2472 1268 2535 dc
1285 2491 1347 2553 qua
1363 2491 1465 2537 sermo

246 2583 294 2642 001
315 2578 353 2659 ἐξ
379 2578 419 2640 13
443 2613 485 2624 -
512 2578 561 2640 14.
594 2576 712 2657 ·Atqui
743 2577 801 2640 hac
833 2577 988 2640 mentione
1012 2596 1087 2658 opus
1115 2581 1163 2640 est
1193 2578 1231 2640 ad
1261 2578 1466 2659 intellegenda

245 2685 342 2764 §117
366 2684 469 2758 verba,
493 2702 571 2764 quae
595 2683 715 2764 etipsa
738 2701 757 2744 a
780 2682 900 2746 Blassio
923 2682 1014 2764 priori
1037 2683 1195 2764 scriptioni
1217 2684 1404 2748 tribuuntur.

353 2789 460 2872 Neque
484 2807 579 2870 quam
603 2788 742 2852 Blessius
767 2788 877 2852 statuit
899 2789 1026 2870 proemii
1056 2789 1231 2852 retractatio
1262 2791 1346 2852 omni
1372 2788 1465 2853 offen-

246 2897 330 2960 sione
353 2899 446 2959 oaret.
499 2895 517 2976 ξ
542 2897 560 2958 6
585 2895 668 2958 enim
691 2883 792 2957 orator
814 2913 847 2958 se
871 2895 1078 2976 expositurum
1102 2913 1168 2958 esse
1192 2895 1267 2958 dicit
1289 2914 1358 2970 eur,
1391 2914 1466 2959 cum

246 3002 347 3065 adhuc
369 3001 529 3064 moderata
552 3001 632 3064 11100
656 3001 773 3064 ratione
801 3018 877 3063 usus
901 2999 956 3075 sit,
991 3001 1022 3063 in
1053 3001 1156 3064 causis
1187 3001 1318 3082 publicis
1348 3002 1468 3084 pericli·

246 3111 337 3171 tetur.
384 3105 493 3188 Itaque
517 3109 730 3188 exspectemus
754 3108 790 3168 ut
821 3125 853 3169 se
875 3105 1057 3169 Timocratis
1088 3106 1154 3186 lege
1182 3107 1367 3189 impeditum
1399 3127 1466 3172 esse

246 3213 425 3296 profiteatur
448 3213 612 3293 quominus
627 3211 846 3275 Androtionem
863 3211 1070 3286 ulcisceretur,
1093 3212 1124 3274 id
1147 3212 1228 3292 quod
1247 3213 1298 3292 §9
1323 3213 1466 3293 legimus,

246 3321 288 3382 At
311 3320 337 3382 si
360 3319 397 3382 de
413 3321 603 3382 commutato
625 3317 778 3399 prooemio
794 3317 915 3380 Blassio
932 3317 1127 3392 assentimur,
1151 3320 1261 3394 orator,
1283 3319 1466 3400 priusquam

246 3443 302 3488 nos
327 3425 401 3488 satis
425 3425 613 3505 docuitque
637 3443 669 3486 re
694 3426 864 3487 commotus
896 3427 977 3487 00001
999 3426 1035 3486 ut
1056 3423 1261 3488 Timocratem
1287 3425 1318 3486 in
1341 3425 1391 3487 1110
1415 3443 1468 3488 ro·

247 3533 340 3606 caret,
364 3530 403 3594 ad
426 3549 538 3594 causae
563 3530 769 3593 narrationem
793 3529 913 3592 transit.

355 3636 441 3715 Quae
469 3637 694 3700 retractationis
725 3635 853 3716 vestigia
877 3638 998 3716 praeter
1031 3635 1220 3716 prooemium
1249 3615 1402 3699 Blassius
1420 3636 1469 3699 in·

246 3743 366 3808 uenisse
396 3743 453 3806 sibi
476 3741 560 3805 visus
590 3745 638 3805 001
660 3742 737 3804 haec
760 3743 842 3804 sunt.
896 3741 1038 3804 Primum
1061 3741 1099 3822 ἐξ
1126 3742 1264 3804 17-19
1298 3761 1360 3804 non
1389 3743 1467 3806 satis

248 3848 406 3912 convenire
436 3850 526 3929 putat
555 3865 627 3910 curn
650 3847 688 3927 ἐξ
714 3847 908 3910 108-109.
970 3845 1051 3910 Sane
1074 3850 1225 3912 oratorem
1254 3848 1288 3910 in
1317 3847 1465 3912 orationis

247 3955 333 4018 initio
363 3954 473 4018 dixisse
503 3972 536 4016 00
565 3952 850 4018 demonstraturum
879 3972 946 4016 esse
975 3953 1168 4018 Timocratis¹
1187 3953 1377 4032 rogationem
1406 3955 1470 4035 pri·

356 4200 423 4252 ¹De
447 4199 632 4252 Demosthenis
663 4199 690 4250 in
715 4198 901 4252 Androtionem
932 4201 958 4249 et
982 4197 1156 4251 Timocratem
1182 4198 1350 4251 orationibus,
1395 4197 1468 4251 Diss.

249 4287 326 4340 Helle
347 4287 414 4340 1885
434 4305 458 4356 p.
478 4288 520 4341 25,
