3232 4890
737 285 777 345 :33

151 497 250 578 §158
281 492 551 578 συμπαρέσεσθαι
584 486 642 580 γὰρ
662 481 875 580 Ἀνδροτίωνα
906 490 1006 580 ἑαυτῷ
1030 499 1060 558 ab
1083 495 1100 575 ᾖ
1120 496 1180 558 159
1209 492 1264 556 καί
1289 491 1368 580 θίγια

149 598 208 664 καί
241 591 434 682 τεθαύμακα
455 591 511 686 τὴν
533 588 755 677 ἀναισχυντίαν
776 591 831 688 τίγν
853 591 966 664 τοίτου
988 623 1022 664 τε
1045 587 1201 678 κάκείνου,
1232 597 1369 681 τοῦμὲν

150 703 179 771 εἰ
213 707 319 786 καλεῖ,
351 704 407 770 τοῦ
430 693 458 770 d'
485 701 511 771 εἰ
538 697 670 792 πάρεισι
694 704 748 770 καί
773 697 1069 794 συναπολογήσεται
1102 711 1202 770 orator
1230 725 1368 789 expresso

152 819 374 880 commemorat
396 815 615 878 Androtionem
638 815 739 896 ipsum
764 834 843 897 quae
866 815 1033 878 meditatus
1057 815 1098 877 sit
1119 833 1173 896 pro
1195 813 1368 878 Timocrate

151 923 309 985 dicturum
340 941 414 984 esse.
469 920 571 984 Weiiii
601 923 705 984 autem
735 920 945 984 emendatione
973 939 1021 984 res
1052 921 1096 983 ita
1124 921 1251 1000 fingitur
1279 921 1367 1002 quasi

150 1029 339 1092 Timocrates
378 1047 413 1090 ea
452 1028 627 1109 prolaturus
665 1028 705 1090 sit
747 1046 825 1108 quae
865 1027 1011 1090 Androtio
1049 1027 1106 1090 sibi
1144 1028 1366 1107 excogitaverit.

152 1134 297 1198 Ceterum
313 1135 359 1198 uel
375 1153 410 1197 ex
427 1134 443 1215 ἓ
462 1135 502 1196 66
528 1119 647 1209 σ’ίθίὖς
670 1120 714 1195 δι’
740 1119 892 1218 ἀπειρίαν
913 1123 1046 1219 ἰδιώτην
1068 1117 1144 1196 ἷίντα
1166 1119 1260 1196 αὐτὸν
1281 1120 1366 1196 τοῦτ’

150 1235 271 1304 ἐθαθεν
301 1226 420 1304 δύναιτ’
450 1226 488 1302 dv
518 1242 642 1303 πεῖσαι.
685 1230 788 1302 πάλαι
821 1230 880 1324 γὰρ
907 1236 1033 1321 μισθοῦ
1062 1237 1118 1302 καί
1149 1230 1281 1326 γράφων
1310 1237 1367 1302 καί

152 1338 267 1427 νόμους
302 1341 461 1432 εἰσφέρων
495 1330 605 1409 ὦπται
643 1347 832 1428 intellegitur
869 1347 913 1409 illi
947 1336 1148 1430 λογογράφον
1185 1365 1261 1428 opus
1300 1366 1366 1418 ,non

150 1454 255 1518 fuisse.

259 1559 365 1640 Neque
397 1561 466 1641 plus
496 1559 636 1641 ponderis
662 1559 814 1641 Spengelii
844 1559 1049 1624 emendationi
1079 1558 1279 1622 tribuendum
1311 1562 1366 1636 est,

149 1667 204 1747 qui
233 1685 285 1746 pro
314 1649 396 1728 dod
419 1666 525 1729 scribit
547 1659 575 1728 εἰ
600 1655 648 1751 δή.
701 1665 783 1728 Nam
815 1685 886 1728 oum
916 1665 941 1728 is
966 1666 1018 1746 qui
1045 1666 1167 1748 danapri
1193 1665 1219 1728 ei
1243 1666 1282 1728 sit
1306 1667 1368 1728 An·

151 1773 259 1846 drotio‚
283 1772 381 1835 facere
404 1791 464 1836 non
487 1774 587 1854 potest
610 1772 683 1853 quin
708 1791 779 1834 eum
803 1773 855 1853 qui
879 1757 933 1852 οὐχ
950 1765 1012 1849 ἔξει
1028 1767 1131 1855 λέγειν
1153 1771 1283 1835 eundem
1300 1791 1366 1836 esse

150 1882 249 1961 putet,
274 1897 462 1960 quamquam
486 1879 512 1941 is
536 1879 615 1942 alius
639 1898 704 1941 esse
728 1898 788 1942 non
811 1881 910 1960 potest
933 1879 991 1942 uisi
1013 1877 1210 1942 Timocrates

258 1984 365 2047 Omnis
397 2003 466 2047 vero
497 1984 662 2047 difficultas
692 1985 768 2048 mihi
798 1985 865 2048 tolli
895 1984 1028 2058 videtur,
1064 1985 1090 2047 si
1119 1985 1280 2048 scribimus
1310 1983 1367 2047 καὶ

150 2087 228 2173 περὶ
257 2086 317 2169 μὲν
344 2080 457 2152 τοίτοο
485 2080 568 2152 κατὰ
598 2081 712 2176 σγολίγν
741 2073 825 2175 ὃδὴ
855 2081 1057 2176 Τιμοκράτης
1086 2086 1137 2153 νῖν
1167 2086 1240 2174 ἐρεῖ,
1271 2088 1366 2174 (περὶ

149 2187 289 2281 τούτων)
323 2186 430 2258 πολλὰ
460 2193 563 2280 λέγειν
595 2190 642 2258 ἔτι
673 2186 756 2281 πρὸς
784 2186 911 2272 τοίτοις
939 2190 1018 2275 ἔχων
1047 2187 1225 2278 παύσομαι.
1280 2196 1366 2276 Quae

149 2303 244 2366 verba
261 2303 303 2366 sio
319 2303 518 2384 interpretor:
543 2303 588 2366 De
612 2303 669 2366 hac
692 2322 723 2366 re
746 2323 799 2385 per
821 2303 919 2366 otium
940 2301 970 2383 (i.
987 2322 1012 2366 e.
1029 2306 1066 2366 ut
1081 2306 1204 2368 tantum
1220 2303 1365 2385 temporis

152 2411 307 2490 quantum
331 2409 425 2472 libeat
449 2409 643 2491 impensurus
662 2409 714 2491 sit)
740 2429 817 2490 quae
835 2409 1022 2473 Timocrates
1045 2429 1129 2473 nunc
1149 2410 1287 2474 dicturus
1311 2413 1367 2484 est,

151 2515 191 2578 de
215 2515 262 2578 his
286 2534 476 2597 quamquam
499 2517 598 2578 multa
620 2519 777 2596 praeterea
799 2515 930 2597 proferre
953 2535 1087 2598 possum,
1111 2516 1261 2580 desinam.

259 2621 367 2702 Itaque
397 2641 469 2685 oum
500 2623 575 2685 satis
608 2640 752 2704 apparere
782 2622 982 2686 videaturne
1006 2622 1152 2686 Weilium
1184 2623 1309 2704 quidem
1332 2623 1368 2687 de

150 2728 346 2792 Timocratea
380 2729 418 2791 ab
453 2729 548 2790 omni·
569 2732 655 2810 parte
689 2731 770 2792 recte
804 2729 1000 2805 iudicavisse,
1039 2733 1136 2794 restat
1169 2733 1206 2792 ut
1239 2729 1370 2793 breviter

150 2835 409 2916 comprehendam
434 2853 511 2915 quae
535 2835 612 2897 mihi
635 2836 671 2898 de
695 2853 730 2898 ea
753 2835 923 2898 videantur.

259 2941 303 3003 Ex
338 2941 374 3003 iis
409 2941 503 3021 igitur
537 2960 615 3022 quac
650 2941 687 3004 de
722 2942 854 3004 aliorum
890 2942 1049 3006 sententiis
1084 2943 1186 3006 adhuc
1215 2942 1367 3023 disputavi

148 3047 252 3110 elucet
274 3046 309 3128 ἓξ
329 3048 455 3110 1-109
474 3052 504 3110 et
523 3048 693 3110 187-218
713 3048 796 3110 omni
820 3047 982 3111 offensione
1006 3067 1117 3123 carere,
1140 3049 1178 3129 ἐξ
1196 3048 1368 3110 llo-186

148 3156 257 3216 autem
293 3153 443 3216 eiusmodi
479 3173 539 3216 non
571 3173 637 3218 esse
670 3157 713 3228 ut,
745 3173 816 3216 cum
845 3153 964 3235 reliqua
992 3154 1074 3217 faeta
1109 3155 1259 3217 solutione
1289 3172 1371 3216 oom-

149 3259 251 3341 posita
274 3259 345 3335 sint,
376 3260 451 3323 haec
481 3263 571 3322 antea
600 3259 767 3341 composita
798 3279 864 3323 esse
891 3260 1065 3340 putandum
1089 3260 1146 3333 sit;
1176 3260 1368 3340 quinetiam

146 3367 181 3428 in
210 3368 352 3447 promptu
381 3369 428 3428 est
457 3385 493 3430 ea
524 3384 602 3446 quae
632 3366 670 3447 ἓξ
689 3366 871 3428 155-186
895 3366 1040 3445 leguntur
1067 3365 1198 3446 exceptis
1228 3365 1368 3447 partibus

150 3489 229 3554 quas
258 3472 465 3554 interpolatori
497 3472 662 3535 tribuimus
694 3491 753 3534 non
789 3472 888 3534 solum
923 3471 1060 3535 eiusdem
1095 3471 1267 3553 scriptionis
1302 3490 1368 3536 esse

149 3577 238 3640 ouius
262 3577 300 3658 ἐξ
322 3577 459 3652 1-109,
486 3578 667 3651 187-218,
693 3577 745 3640 sed
769 3578 864 3640 etiam
887 3577 1098 3641 emendatione
1122 3596 1140 3640 a
1163 3596 1213 3641 me
1237 3596 1370 3642 comme-

148 3687 270 3746 morata
293 3701 364 3746 cum
388 3683 485 3764 §187
510 3687 580 3764 apte
604 3685 772 3748 cohaerere.

256 3789 348 3852 Porro
371 3790 409 3870 ἐξ
429 3790 601 3852 110-154
625 3792 748 3870 propter
770 3789 890 3852 hiatum
913 3790 955 3852 ibi
974 3789 1146 3852 admissum
1167 3789 1259 3871 priori
1277 3791 1369 3869 atque

146 3896 252 3958 minus
287 3896 435 3976 expolitae
470 3895 625 3977 scriptioni
655 3895 817 3959 tribuenda
849 3900 922 3959 seint
953 3914 1047 3978 quam
1077 3897 1194 3976 reliqua
1224 3894 1369 3958 orationis

146 4021 229 4085 pars.
284 4001 390 4082 Neque
414 4002 588 4065 dubitarem
621 4001 800 4065 contendere
824 4021 860 4065 ea
884 4021 962 4083 qnae
985 4002 1116 4082 legimus
1139 4002 1177 4081 ἐξ
1196 4001 1369 4064 110--154

145 4108 308 4191 propterea
343 4111 511 4171 extremam
546 4127 675 4170 manum
709 4111 831 4190 experta
860 4128 919 4171 non
950 4127 1016 4171 esse
1047 4107 1128 4188 quod
1160 4109 1260 4170 orator
1288 4107 1370 4171 hano

144 4216 269 4297 partem
298 4214 329 4276 in
354 4215 521 4278 orationem
545 4215 733 4277 elaboratam
762 4214 894 4295 recipere
918 4214 1074 4288 noluisset,
1105 4213 1129 4275 si
1154 4213 1221 4294 quis
1245 4212 1371 4276 demon-

148 4323 283 4384 strasset
306 4338 375 4383 eam
399 4320 437 4383 ad
461 4320 687 4384 cohaerentiam
712 4321 937 4383 sententiarum
954 4339 1013 4382 non
1029 4319 1197 4383 convenire.
1235 4318 1371 4382 Tantum

1155 4441 1194 4494 3*
