3232 4890
843 274 862 336 o

349 481 537 548 Timocrates
562 503 634 547 cum
658 484 791 548 sollertia
807 485 1002 567 versutiaque
1025 487 1142 551 civibus
1167 489 1273 552 nocuit
1295 489 1378 566 leges
1399 490 1464 569 lege

243 588 367 662 tollens,
400 608 433 653 eo
457 589 590 652 confisus
614 588 694 671 quod
717 590 862 654 Androtio
893 609 925 655 εθ
948 591 1129 656 defensurus
1153 595 1193 657 sit
1215 593 1251 676 ζῇ
1278 596 1462 658 155-159.

351 694 508 774 Quomodo
530 695 717 760 Timocrates
741 701 773 760 et
795 697 941 761 Androtio
964 717 996 762 se
1020 700 1172 778 gesserint

350 801 423 864 aiu
447 801 600 882 exigendis
622 803 824 882 vectigalibus
848 803 883 886 ἐξ
910 804 1093 880 160-175,

350 907 425 970 bin
449 907 617 972 conflandis
641 909 723 972 vasis
746 911 777 972 st
800 909 917 973 coronis
942 909 977 992 ἐξ
1003 905 1187 975 176-187.

349 1012 403 1077 VI.
427 1013 636 1078 Reiutatio:

350 1139 369 1182 a
385 1119 550 1182 Timocrati
567 1138 627 1183 uon
650 1123 698 1184 θεῖ
715 1119 940 1184 defendendum
957 1123 1074 1202 legatos
1093 1123 1218 1187 solvisse
1238 1123 1274 1206 ἓξ
1289 1125 1464 1189 rar—189

254 1253 259 1259 ’
349 1227 369 1289 b
393 1229 448 1288 aut
471 1245 503 1290 se
524 1227 624 1306 legem
647 1226 757 1290 mitem
777 1229 869 1308 atquc
888 1227 1073 1292 mediocrem
1092 1230 1201 1294 tulisse
1219 1230 1255 1312 ἐξ
1278 1232 1462 1297 rso-rsa

349 1351 366 1394 c
390 1329 470 1396 Curn
493 1331 570 1394 nihil
594 1333 746 1396 allaturus
770 1333 810 1396 sit
833 1351 893 1414 quo
916 1333 1016 1414 legem
1040 1335 1161 1398 iustam
1185 1355 1253 1400 esse
1272 1337 1465 1416 ostendatur,

243 1437 330 1513 nulla
354 1437 415 1501 alia
438 1456 532 1501 eausa
551 1439 612 1501 uisi
631 1438 796 1520 cupiditate
817 1439 964 1521 pecuniae
984 1439 1023 1503 ad
1044 1459 1113 1504 eam
1132 1441 1289 1505 ferendam
1309 1441 1462 1507 adductus

242 1547 291 1606 est
314 1543 349 1626 ἐξ
377 1544 566 1617 lod-1993

349 1649 465 1712 duam
489 1650 618 1713 ovantia
641 1650 707 1714 eius
731 1669 767 1714 ex
789 1651 872 1714 mala
902 1669 1023 1733 quoque
1047 1655 1140 1734 atque
1163 1653 1290 1734 indigna
1312 1655 1408 1736 patris
1432 1658 1464 1719 et

242 1755 354 1819 sororis
377 1755 560 1820 tractatione
584 1758 777 1837 cognoscitur
799 1756 835 1838 ἐξ
860 1758 1044 1822 noo-203.

224 1831 272 1856 N
350 1861 418 1924 VII.
442 1861 652 1925 Peroratio:
676 1861 864 1926 Timocrates
889 1881 1013 1926 summa
1035 1883 1132 1946 poena
1155 1864 1267 1945 dignus
1290 1868 1353 1942 est,
1382 1865 1464 1948 quod

348 1986 367 2030 a
390 1967 515 2048 marius
538 1971 645 2050 peccat
668 1987 763 2049 quam
786 1967 869 2033 fures
892 1972 924 2032 et
946 1969 1079 2034 latrones
1103 1970 1140 2052 ἐξ
1164 1971 1350 2048 204-209,

348 2074 367 2136 b
391 2073 594 2138 Athenienses
617 2074 713 2154 gloria
745 2075 933 2156 optimarum
963 2075 1068 2156 legum
1090 2077 1191 2158 privat
1213 2077 1250 2159 §3
1274 2080 1460 2143 210-211.

349 2197 366 2242 c
389 2177 539 2243 iudicium
566 2180 757 2261 sequendum
780 2184 827 2244 est
843 2179 963 2248 Solonis
986 2181 1086 2262 legem
1109 2182 1314 2264 reipublicae
1338 2185 1463 2248 noxiam

200 2309 203 2314 ¹
243 2285 453 2367 impugnantis
477 2285 512 2368 ἐξ
537 2287 721 2358 arn-214,

349 2391 369 2454 d
392 2392 573 2473 praesertim
596 2411 668 2456 curn
698 2392 887 2456 Timocrates
910 2411 963 2457 eas
993 2393 1075 2474 leges
1106 2394 1209 2458 irritas
1238 2395 1406 2460 reddiderit
1429 2396 1463 2460 iu

243 2497 355 2578 quibus
379 2497 532 2580 imprimis
556 2499 641 2561 salus
664 2497 708 2562 rei
730 2498 871 2580 publicae
894 2499 993 2580 posita
1017 2500 1057 2562 sit
1080 2499 1116 2582 ἐξ
1140 2501 1325 2565 215-217;

279 2653 281 2659 ι
349 2619 365 2668 θ
389 2603 488 2668 brevis
511 2605 710 2685 perorationis
734 2605 888 2668 conclusio
911 2604 928 2686 ξ
953 2605 1026 2668 218.

349 2712 502 2791 Enarrata
525 2727 669 2791 orationis
702 2727 897 2809 dispositione
929 2728 968 2790 ad
992 2747 1064 2792 eum
1088 2748 1144 2792 nos
1168 2734 1384 2794 convertamus
1409 2733 1465 2813 qui

243 2833 362 2914 primus
391 2833 423 2896 in
453 2833 645 2897 Timocraten
675 2833 918 2914 recognoscenda
958 2836 1109 2914 sagaciter
1139 2854 1265 2918 operam
1294 2837 1466 2913 collocavit,

243 2939 452 3004 Benselerum.

348 3046 407 3110 Hic
436 3047 519 3110 enirn
546 3045 670 3110 offendit
698 3047 730 3108 iu
766 3049 851 3128 parte
881 3065 960 3127 quae
990 3049 1038 3110 cst
1066 3027 1137 3111 indo
1166 3066 1185 3110 a
1215 3047 1251 3130 ἕξ
1287 3050 1463 3114 110-187

241 3151 372 3233 eamque
396 3151 639 3215 aDo'rnosthene
668 3151 825 3214 abiudioat
847 3155 879 3215 et
901 3171 919 3214 a
942 3152 1063 3216 falsario
1096 3153 1230 3233 quodam
1253 3173 1288 3218 ex
1318 3155 1465 3219 orationi-

242 3259 301 3320 bus
325 3277 343 3321 a
365 3257 496 3321 Diodoro
519 3261 610 3321 antea
639 3258 671 3321 in
700 3257 919 3322 Androtionem
948 3261 979 3321 et
1010 3258 1048 3321 ab
1079 3258 1265 3323 Euctemone
1293 3261 1325 3323 iu
1358 3261 1463 3324 Timo-

241 3367 360 3427 cratem
383 3364 497 3427 habitis
520 3363 733 3445 depromptam
757 3366 788 3426 et
810 3365 871 3427 huo
894 3364 1043 3427 insertam
1067 3383 1135 3428 esse
1161 3365 1319 3430 contendit
1329 3370 1349 3430 ¹.

330 3471 432 3552 Atque
461 3469 597 3552 primum
620 3469 744 3551 quidem
769 3469 921 3552 vituperat
944 3470 1024 3551 quod
1047 3470 1079 3533 in
1108 3471 1207 3552 capite
1227 3472 1306 3554 quod
1327 3475 1374 3536 est
1392 3473 1466 3537 iude

242 3575 506 3658 siggim-159
530 3576 695 3638 nonnullae
718 3594 765 3639 res
782 3576 896 3639 iterum
920 3575 1112 3658 proferantur
1136 3577 1175 3640 ab
1191 3581 1309 3642 oratore
1333 3578 1370 3642 dc
1395 3581 1463 3661 qui-

243 3683 302 3744 bus
326 3685 417 3744 autea
440 3681 583 3744 dixerit²
646 3680 707 3745 Sed
731 3699 923 3762 quamquam
950 3682 1057 3762 negari
1080 3702 1140 3745 non
1168 3687 1269 3765 potest
1291 3685 1462 3763 earundem

244 3787 469 3850 sententiarum
491 3787 685 3868 repetitiones
718 3786 874 3851 offensioni
899 3806 982 3861 esse,
1006 3791 1111 3852 tamen
1134 3789 1155 3851 ii
1179 3790 1237 3853 loci
1266 3791 1462 3873 vituperandi

241 3947 376 3954 ..———-—

351 4053 360 4082 ¹
378 4048 417 4102 Dc
429 4049 505 4102 hiatu
517 4049 544 4102 in
557 4049 702 4102 oratoribus
716 4050 811 4104 Atticis
824 4068 848 4118 p.
864 4051 914 4104 122
928 4067 985 4120 sqq.
1022 4052 1062 4105 De
1075 4050 1152 4105 hiatu
1163 4052 1191 4104 iu
1203 4053 1390 4107 Demosthenis
1403 4070 1463 4108 ora-

244 4137 623 4206 tionibus(P1·og1·.Freiberg
644 4137 721 4208 1848)
740 4155 765 4206 p.
786 4139 816 4191 21
838 4155 894 4208 sqq.

349 4225 578 4280 ‘2Denrosthenes'
597 4225 688 4280 Reden
708 4244 790 4297 gegen
810 4228 954 4282 Androtion
974 4229 1029 4281 und
1049 4229 1210 4283 Tirnokrates
1229 4229 1382 4282 Grieohisch
1406 4232 1463 4284 und

241 4315 360 4368 Deutsch
380 4333 404 4383 p.
423 4315 465 4369 80.
