3232 4890
736 260 775 320 15

145 472 262 552 legitur
284 471 325 550 ἐξ
342 469 515 534 llo-186
531 468 655 550 Apsinis
671 473 781 546 aetate,
805 471 823 533 i.
840 489 865 534 a.
882 471 1003 535 seeoulo
1019 471 1109 535 tertio
1124 475 1193 554 post
1210 469 1370 536 Christum

145 581 267 651 natum,
290 576 323 640 in
346 575 480 638 oratione
503 593 564 638 non
587 573 681 638 luisse
711 579 742 640 et
764 577 856 640 verba
879 577 898 655 ξ
924 577 985 640 187
1011 566 1086 639 οἶδα
1108 563 1138 640 δ’
1154 565 1205 640 ὅτι
1235 565 1280 653 ὡς
1310 573 1371 658 μὲν

146 669 207 746 οὐκ
237 667 428 766 ἀσύμφορος
450 677 517 744 κτλ.
547 681 709 745 ooniuneta
736 682 832 746 fuisse
862 701 935 746 oum
963 684 983 762 ξ
1007 684 1078 748 109.
1142 682 1204 748 Sed
1237 703 1309 747 oum
1338 684 1371 747 in
1398 741 1400 750 .

145 789 284 852 oratione
307 787 517 852 Aristoaratea
546 772 830 873 ἆνακεφαλαίωσις
859 787 910 869 (ἐξ
932 789 1134 872 215-220)
1163 790 1195 854 in
1222 790 1287 872 ipso
1309 790 1370 854 fine

148 897 200 969 sit
224 893 369 974 equidem
391 911 452 956 non
474 893 618 973 intellego
641 912 700 974 quo
722 894 788 957 iure
803 895 943 976 Apeiros,
960 895 987 958 si
1002 895 1162 960 Benseleri
1181 896 1368 960 sententiam

147 1001 325 1083 prohemus,
353 999 509 1080 scripserit
531 998 772 1063 Demosthenem
795 1001 827 1063 in
849 999 1042 1065 Timocraten
1072 1020 1196 1066 summa
1225 1001 1371 1066 orationis

146 1107 253 1189 capita
276 1105 410 1169 breviter
431 1105 464 1168 in
486 1105 548 1170 fine
571 1104 636 1169 eius
660 1105 723 1169 sive
752 1105 869 1187 epilogo
897 1107 1082 1188 repetivisse.
1130 1107 1266 1172 Tantum
1289 1108 1373 1172 enim

146 1213 239 1277 abest
260 1215 298 1274 ut
321 1211 418 1274 oleata
446 1211 500 1274 illa
528 1213 615 1292 parte
643 1212 683 1291 ἐξ
707 1212 893 1275 108-109
917 1213 950 1276 in
978 1215 1115 1278 extrema
1144 1214 1280 1278 oratione
1310 1214 1374 1278 sint

148 1322 186 1382 ut
209 1320 324 1399 quarta
345 1317 408 1380 iere
431 1317 498 1380 eius
520 1335 600 1398 pars,
623 1317 656 1380 in
679 1335 741 1398 qua
763 1318 907 1381 refutatio
933 1319 1014 1384 inest
1037 1319 1318 1400 (ἕὲ187-203),
1343 1323 1375 1383 et

147 1428 217 1507 ipsa
239 1423 392 1506 peroratio
416 1423 510 1488 etiam
533 1428 688 1504 sequatur.
746 1422 903 1502 Quomodo
926 1443 996 1490 vero
1020 1425 1059 1488 ad
1082 1425 1162 1488 hano
1185 1426 1374 1490 sententiam

147 1530 285 1611 quadrat
317 1528 398 1610 quod
428 1529 511 1594 idem
540 1529 670 1612 Apsines
701 1529 821 1594 duobus
849 1530 949 1594 loeis¹
978 1531 1166 1596 mentionem
1195 1531 1270 1596 feeit
1295 1532 1374 1612 legis

149 1638 320 1701 Ioororum
347 1637 379 1716 (ξ
406 1635 468 1698 139
501 1637 580 1718 sqq.)
613 1638 644 1699 et
673 1636 753 1700 hano
782 1636 990 1700 narrationem
1020 1636 1225 1702 Demostheni
1254 1637 1374 1702 tribuit.

150 1742 258 1824 Neque
283 1741 367 1806 enim
389 1741 504 1805 mirum
534 1744 582 1804 est
613 1741 694 1822 quod
724 1741 853 1823 Apsines
883 1745 991 1806 neutro
1025 1743 1089 1806 looo
1125 1742 1212 1806 addit
1244 1743 1276 1806 in
1312 1763 1374 1825 qua

147 1849 289 1912 oratione
311 1848 387 1911 haee
409 1846 514 1910 fabula
537 1845 650 1928 scripta
673 1847 723 1921 sit,
746 1866 819 1910 eum
841 1847 924 1912 idem
943 1867 972 1930 p.
989 1849 1053 1911 373
1070 1851 1217 1930 quattuor
1231 1848 1374 1930 deinceps

150 1943 231 2018 looos
254 1953 508 2018 Demosthenioos
530 1952 840 2017 commemoraverit²
862 1972 962 2034 neque
989 1955 1141 2019 orationes
1174 1955 1373 2038 appellaverit

149 2060 205 2124 ubi
226 2059 447 2123 invenirentur.
498 2058 567 2124 Meo
594 2059 690 2138 igitur
718 2059 829 2123 iudioio
853 2059 983 2142 Apsines
1011 2063 1066 2123 aut
1093 2061 1127 2123 in
1156 2061 1278 2124 nomine
1308 2079 1377 2124 ora-

150 2165 244 2230 tionis
268 2165 382 2229 erravit
404 2167 459 2228 aut
480 2164 557 2229 falso
580 2165 619 2245 ἐξ
643 2164 830 2228 204-208
860 2153 1142 2254 ἀνακεφαλαίωσιν
1165 2186 1231 2230 esse
1253 2167 1375 2249 putavit

150 2273 263 2338 autin
287 2272 356 2353 ipsa
378 2274 514 2334 extrema
537 2271 673 2336 oratione
697 2275 770 2334 ante
793 2273 812 2350 ξ
835 2271 899 2334 218
923 2290 1047 2336 summa
1075 2273 1142 2336 eius
1171 2273 1271 2354 oapita
1299 2273 1374 2338 olim

148 2377 374 2460 eomprehensa
397 2379 486 2440 erant
508 2395 587 2458 quae
610 2394 680 2458 pars
711 2380 817 2458 postea
844 2377 968 2441 interiit.
1022 2376 1136 2460 Utique
1161 2379 1219 2444 hoo
1241 2382 1374 2455 onustat,

151 2484 277 2567 Apsinis
293 2482 507 2548 testimonium
522 2483 598 2546 nihil
618 2483 717 2547 valere
734 2482 773 2545 ad
788 2482 948 2548 Benseleri
971 2484 1156 2548 sententiam
1177 2484 1374 2550 firmandam.

259 2605 371 2671 Causis
385 2606 481 2687 igitur
502 2624 521 2669 a
537 2605 701 2670 Benselero
724 2606 851 2688 prolatis
867 2625 927 2670 non
943 2607 1081 2687 cogimur
1096 2610 1133 2671 ut
1147 2607 1374 2689 ξξ110-157

150 2733 171 2778 a
186 2713 397 2778 Demosthene
418 2712 587 2794 composita
610 2715 666 2775 aut
683 2714 723 2792 ἐξ
740 2713 913 2775 160-182
930 2712 969 2775 ab
985 2731 1019 2777 eo
1035 2714 1100 2796 ipso
1116 2733 1152 2778 ex
1167 2713 1375 2779 Androtionea

152 2821 283 2904 repetita
305 2837 373 2882 esse
395 2837 456 2882 non
478 2836 567 2900 posse
590 2837 782 2882 oenseamus.

261 2942 389 3006 Aooedit
403 2941 483 3023 quod
495 2942 572 3005 ratio
587 2959 648 3022 qua
664 2941 833 3005 orationem
844 2942 883 3005 iis
899 2959 978 3023 quae
991 2943 1138 3022 leguntur
1149 2942 1185 3025 ἕξ
1201 2943 1373 3007 llo-159

151 3053 282 3114 auctam
304 3067 370 3112 esse
393 3050 484 3130 putat
505 3047 671 3129 probabilis
694 3066 754 3111 non
777 3051 833 3111 est.
885 3047 968 3112 Nam
998 3048 1040 3123 si,
1070 3049 1106 3112 ut
1128 3049 1178 3112 ille
1209 3049 1378 3126 existimat,

113 3185 115 3190 v
156 3156 288 3238 Apsines
320 3154 488 3217 orationem
518 3153 688 3217 breviorem
721 3153 753 3216 in
788 3153 934 3216 manibus
964 3154 1089 3230 habuit,
1124 3153 1258 3236 amplius
1288 3156 1378 3236 quin-

151 3261 256 3343 gentis
287 3261 378 3324 annis
405 3263 475 3342 post
502 3259 719 3324 Demosthenis
749 3263 885 3324 aetatem
907 3260 983 3324 haee
1006 3278 1077 3342 pars
1100 3261 1139 3324 ab
1162 3260 1377 3343 interpolatore

152 3368 256 3449 aliquo
289 3385 326 3431 ex
357 3365 554 3430 Duotemonis
583 3366 718 3430 oratione
747 3366 862 3430 inserta
897 3368 953 3430 est.
1015 3365 1075 3430 Sed
1106 3366 1174 3448 quis
1208 3367 1288 3430 hane
1323 3386 1378 3450 per

154 3476 201 3537 tot
223 3491 323 3536 annos
346 3476 501 3536 servatam
524 3491 591 3536 esse
614 3472 740 3536 eredat?
799 3471 840 3535 Dt
863 3471 1014 3554 quomodo
1037 3472 1078 3536 ad
1100 3472 1180 3536 hano
1203 3473 1377 3556 opinionem

152 3579 297 3643 eonvenit
319 3578 401 3660 quod
423 3577 505 3642 idem
516 3579 647 3662 Apsines
670 3577 782 3660 §3139
802 3598 867 3660 sqq.
891 3577 1003 3642 diserte
1019 3578 1221 3642 Demostheni
1244 3579 1376 3643 tribuit?

264 3702 334 3766 lam
356 3701 396 3764 ad
419 3701 656 3765 examinandam
680 3701 858 3766 Sahaeferi3
881 3701 1070 3767 sententiam
1095 3706 1300 3777 transeamus,
1323 3704 1377 3784 qui

155 3809 189 3873 in
211 3808 323 3874 iisdem
345 3807 407 3873 fere
431 3809 522 3872 rebus
546 3809 658 3892 quibus
682 3808 828 3872 Benseler
858 3807 1013 3873 offendens
1045 3809 1134 3874 aliter
1165 3809 1202 3874 de
1232 3809 1377 3873 orationis

265 4113 318 4177 ¹p.
338 4109 390 4162 373
408 4111 435 4160 et
453 4107 514 4162 382.

264 4215 382 4269 21110.
418 4213 489 4268 XXI
509 4215 567 4268 143.
604 4213 706 4267 11123.
742 4212 837 4266 XXIV
858 4213 916 4267 139.

265 4321 313 4376 ⁸1.
333 4338 356 4376 e.
375 4339 399 4390 p.
420 4322 462 4376 63.
