3232 4890
832 239 873 301 3s
943 331 961 337 .-

355 451 472 514 Deinde
496 469 549 514 eae
572 455 673 532 partes
697 451 808 532 quibus
832 452 946 532 aliquid
970 452 1050 533 quod
1073 455 1175 516 orator
1196 453 1402 518 Timocratem
1426 456 1473 517 ad

253 575 285 620 se
318 556 541 620 defendendum
575 558 785 639 oppositurum
819 578 885 622 esse
923 560 1099 640 suspicatur
1114 559 1289 623 -refutatur
1322 561 1474 624 orationis

254 663 436 740 refutationi,
454 683 548 744 quam
563 664 633 728 inde
649 683 667 727 a
683 665 701 745 ξ
719 665 781 728 187
798 665 921 728 initium
938 684 1043 748 sapere
1060 685 1095 728 ex
1112 666 1306 747 dispositione
1330 672 1474 748 apparet,

254 770 412 852 aptissime
441 770 661 834 attribuuntur.
711 771 821 852 ltaque
850 773 888 853 ἐξ
913 773 1093 836 125-138
1122 775 1153 836 ot
1183 773 1368 836 144--154
1396 777 1475 838 ante

254 877 271 958 ξ
290 877 352 940 194
376 877 560 940 oollooamus
583 877 628 940 ita
651 880 688 940 ut
709 877 747 959 ἐξ
772 879 962 953 123-124,
986 897 1064 958 quae
1087 882 1155 960 post
1178 879 1276 960 §193
1299 879 1474 961 posuimus,

253 983 291 1046 iis
315 983 508 1047 anteoedant.

358 1087 465 1188 Neque
481 1107 675 1171 offensionem
690 1109 824 1190 praebet,
848 1109 875 1171 si
897 1111 978 1172 reete
1001 1108 1236 1194 disputavimus,
1260 1109 1341 1190 quod
1366 1112 1483 1191 orator,

255 1214 355 1278 biset
378 1214 626 1294 ξξ160174,
653 1214 1147 1296 176-18291ξζ125-126
1171 1207 1218 1290 εἷς
1239 1204 1277 1276 τὸ
1301 1205 1472 1302 δεσμωτή-

255 1341 323 1404 prov
338 1321 375 1384 de
392 1321 483 1384 rebus
500 1321 538 1383 ab
554 1320 740 1384 Androtioue
755 1321 849 1401 gestis
865 1321 937 1402 egit.
915 1320 1064 1384 tNam
1088 1321 1185 1402 priore
1208 1321 1273 1384 loeo
1297 1341 1397 1386 sermo
1414 1326 1474 1387 ‘est

254 1426 290 1490 de
312 1426 350 1490 iis
376 1432 453 1506 qua'e
476 1446 548 1490 oum
570 1427 741 1491 Timoorate
761 1427 905 1490 Androtio
928 1427 1089 1503 oommisit,
1112 1427 1277 1510 posteriore
1301 1431 1408 1492 autern
1431 1429 1473 1492 de

253 1533 314 1595 solo
338 1532 537 1608 Androtione,
568 1533 605 1596 de
635 1537 720 1615 patre
751 1534 831 1608 eius,
861 1533 1003 1596 devitiis
1027 1534 1092 1598 eius
1116 1534 1343 1598 adnleseentiae
1366 1539 1472 1598 orator

252 1639 394 1720 loquitur.

360 1762 466 1844 Neque
491 1767 543 1846 apt
545 1783 580 1827 us
530 1763 690 1828 ttdees
713 1765 796 1827 loeus
819 1765 872 1827 ubi
896 1765 1081 1872 comparatio
1104 1765 1184 1829 inter
1200 1765 1308 1828 Looros
1332 1767 1363 1828 et
1376 1765 1475 1829 Athe-

253 1869 375 1934 nienses
398 1870 480 1934 faeta
462 1871 624 1952 a-(139
630 1871 704 1954 143)
730 1871 900 1946 oolloeetur,
926 1865 977 1952 qui
1001 1871 1277 1954 estpost§211.
1316 1871 1474 1936 Ibienim

252 1977 423 2040 ostenditur
454 1995 642 2040 summaeor
622 1977 796 2056 gloriaet
755 1977 991 2042 Atheniensibus
1017 1996 1082 2041 esse
1106 1977 1187 2058 quod
1210 1977 1328 2058 legibus
1363 1997 1475 2042 eorum

253 2082 329 2147 aliae
353 2083 492 2147 civitates
516 2102 568 2164 pro
593 2084 887 2166 exemploutantur,
912 2084 1085 2165 niviumque
1110 2103 1176 2147 esso
1199 2083 1300 2147 videre
1323 2103 1361 2148 ne
1396 2085 1475 2148 haee

252 2189 348 2268 gioria
372 2189 431 2253 sihi
454 2190 617 2253 adimatur.
665 2189 782 2268 Quibus
814 2190 1025 2254 convenienter
1058 2190 1214 2274 adduntur
1236 2210 1272 2254 ea
1296 2209 1374 2272 quae
1398 2191 1476 2272 legi-

252 2313 322 2359 mus
346 2296 383 2377 §§
408 2296 605 2359 139-143.
651 2295 734 2358 Nam
765 2314 824 2377 quo
854 2297 994 2360 meliores
1017 2296 1251 2361 Atheniensium
1280 2297 1363 2378 leges
1388 2300 1474 2373 sunt,

254 2421 289 2466 eo
312 2403 412 2482 magis
436 2403 600 2466 Locrorum
624 2403 795 2484 exemplum
828 2403 914 2484 sequi
944 2403 1068 2478 debent,
1104 2403 1184 2484 apud
1220 2394 1295 2483 quos
1329 2403 1377 2466 lex
1411 2403 1474 2466 nisi

254 2527 326 2572 oum
348 2509 429 2573 vitae
453 2509 585 2591 perieulo
608 2509 672 2572 tolli
695 2529 756 2573 non
778 2512 886 2592 potest.

357 2633 464 2715 Neque
488 2633 651 2713 igiturest
674 2633 803 2696 dubium
827 2635 901 2716 quin
924 2653 1030 2698 eorum
1053 2652 1131 2715 quae
1160 2634 1197 2715 ἓξ
1217 2633 1390 2696 iro-154
1413 2634 1474 2698 ele-

253 2741 339 2822 ganti
362 2740 493 2804 dietione
517 2725 651 2803 oareutia
673 2759 843 2822 parumque
866 2742 948 2804 iuter
971 2759 1003 2804 se
1027 2759 1140 2804 oonexa
1168 2729 1308 2820 legimus
1331 2740 1474 2820 singulae-

154 2835 165 2862 “
252 2851 354 2930 partes
374 2846 526 2929 eapitihus
548 2847 703 2928 perpolitis
726 2847 770 2910 ita
793 2847 944 2930 interponi
967 2848 1099 2929 possint,
1130 2849 1166 2910 ut
1188 2847 1323 2909 multum
1347 2847 1473 2910 valeant

257 2955 295 3017 ad
318 2953 445 3018 oratoris
469 2953 654 3017 sententiam
677 2953 928 3017 confirmandam.
1342 2943 1344 2948 ⁴

359 3079 451 3142 Porro
474 3079 492 3160 ξ
518 3079 579 3142 155
604 3097 675 3141 oum
699 3078 736 3159 ἐξ
762 3077 931 3140 lio-121
959 3080 1028 3161 apte
1052 3077 1257 3158 coniungitur.
1295 3076 1355 3138 Hie
1378 3075 1471 3151 enim,

252 3188 288 3248 ut
315 3185 378 3248 iam
407 3185 525 3248 dietum
554 3187 616 3256 est,
650 3185 751 3248 multa
781 3187 1002 3250 enumerantur
1032 3185 1143 3266 quibus
1165 3183 1347 3246 Timocratis
1380 3183 1472 3264 eulpa

253 3294 412 3372 augeatur,
435 3291 601 3374 eodemque
624 3291 755 3372 pertinet
777 3293 796 3372 ξ
822 3292 898 3367 155,
929 3291 982 3354 uhi
1014 3291 1180 3373 explicatur
1202 3309 1289 3354 reum
1313 3308 1347 3352 eo
1370 3289 1471 3369 magis

252 3398 442 3480 puniendum
465 3417 531 3463 esse
554 3397 636 3480 quod
659 3397 753 3461 etiam
776 3417 848 3461 oum
872 3401 938 3462 arte
962 3398 1098 3480 quadam
1121 3399 1152 3461 et
1175 3397 1310 3482 sollertia
1332 3395 1375 3458 rei
1391 3396 1469 3477 puh-

253 3505 331 3570 iioae
354 3505 499 3569 noeuerit.

359 3629 501 3695 Fortasse
517 3631 622 3692 autem
638 3629 750 3710 aliquis
764 3629 989 3711 vituperaverit
1006 3628 1110 3710 quod
1102 3631 1182 3691 mter
1199 3645 1302 3690 rerum
1318 3625 1437 3706 repetit
1428 3644 1472 3688 ro-

253 3756 326 3801 nem
350 3739 380 3801 et
403 3736 667 3816 congregationem
691 3735 726 3818 ἓξ
745 3737 849 3798 108-
855 3737 916 3798 109
941 3737 1058 3799 fastam
1081 3737 1111 3798 et
1133 3734 1349 3798 refutationem
1371 3731 1469 3812 §187

253 3843 449 3926 insipientem
472 3846 624 3906 oratorem
654 3842 749 3905 alia
741 3843 907 3907 inseruisse
931 3842 1177 3925 (praa-174,
1196 3841 1301 3903 176-
1306 3838 1391 3920 182),
1408 3837 1471 3901 alia

254 3951 444 4014 inserturum
467 3949 562 4012 fuisse
587 3949 637 4030 (ἕξ
655 3947 840 4033 llo-122)
865 3949 1022 4014 contendo.

361 4072 420 4137 Sed
444 4075 620 4137 contextum
643 4092 747 4136 rerum
770 4074 826 4138 hoo
849 4073 938 4137 modo
963 4073 1183 4137 detrimentum
1207 4089 1267 4133 non
1298 4085 1404 4150 eapere
1435 4087 1472 4130 ex

253 4180 290 4243 iis
315 4199 393 4262 quae
417 4180 508 4243 attuli
531 4179 732 4260 eognosoitur.
769 4180 875 4263 Neque
898 4181 1068 4263 praereptis
1092 4179 1168 4242 artis
1191 4175 1358 4240 rhetoricae
1381 4173 1473 4237 eollo-
1604 4194 1605 4239 ;

253 4287 334 4350 eatio
358 4287 422 4350 eius
446 4286 530 4350 modi
560 4285 711 4350 contraria
740 4291 794 4351 est.
842 4287 924 4351 Nam
950 4287 1155 4370 repititionem
1182 4283 1228 4347 vel
1250 4267 1472 4367 ἀνακεφαλαί-
