3232 4890
761 212 799 276 11

280 423 373 488 Porro
388 423 523 488 alienum
538 425 660 506 putata
675 423 882 488 Demosthene
896 422 970 486 illud
990 411 1071 503 μετὰ
1084 419 1140 485 roi
1150 411 1395 504 βαελεῦσασθαι

170 529 187 612 ᾖ
215 532 288 594 110.
325 529 593 619 011111ε111111ε111111
617 529 698 612 apud
721 549 793 593 oum
816 529 873 593 lroo
896 547 956 594 non
979 529 1078 592 volero
1100 515 1272 594 ‘oonsnrro'.
1308 528 1401 593 Sauo·

170 637 348 718 exemplum
371 656 430 717 quo
451 636 500 700 hio
523 637 589 700 eius
613 636 772 700 locutionis
795 655 871 700 usus
895 637 1108 717 comprobetur
1130 635 1230 698 afferri
1252 655 1314 699 non
1337 654 1391 716 po-

170 745 243 806 test.
290 741 351 806 Sed
373 745 467 806 verba
490 731 572 823 perri
594 738 651 805 ταῖν
672 731 915 824 βουλεύσασθαι
938 741 1013 806 adeo
1036 761 1096 806 non
1120 741 1293 806 necessaria
1319 744 1403 807 sunt

170 851 208 912 ut
230 849 386 913 sententia
408 868 470 912 non
497 849 597 912 solum
620 849 699 912 nihil
722 849 899 912 detrimenti
922 848 1025 923 faeiat,
1049 847 1101 912 sed
1126 867 1163 911 ex
1186 848 1300 912 maiore
1323 847 1393 912 bre·

170 956 267 1018 ritate
290 955 439 1018 maiorem
462 955 524 1018 rim
548 954 686 1036 resipiat,
710 954 737 1018 si
759 973 832 1018 oum
850 954 960 1018 Weilio
983 973 1019 1018 eu
1042 955 1234 1018 omittamus.
1275 953 1394 1018 Verisi-

169 1061 244 1124 mile
269 1062 352 1124 enim
375 1065 423 1124 est
445 1061 642 1144 interpretem
665 1061 801 1142 aliquem
831 1079 868 1125 ea
891 1059 931 1124 ad
953 1061 1169 1142 explicandum
1192 1059 1389 1142 partieipium

171 1157 409 1249 ἐπιβουλεύσας
431 1167 594 1230 addidisse.

279 1272 387 1354 Neque
417 1273 493 1336 satis
522 1272 670 1354 perspioio
701 1291 762 1353 qua
792 1271 829 1335 de
860 1291 955 1336 eausa
979 1271 1124 1335 Benseler
1152 1271 1223 1354 ing
1250 1272 1311 1336 111
1338 1260 1403 1333 roo⁴

172 1373 262 1442 111ον
285 1380 462 1441 ποιεῖσθαι
485 1378 627 1441 offendat.
673 1377 755 1440 Nam
775 1379 917 1442 similiter
935 1377 1129 1459 Thuoydides
1152 1375 1168 1440 I
1193 1379 1265 1449 143,
1290 1379 1309 1441 5
1336 1367 1399 1462 μὴν

170 1505 205 1547 τε
229 1471 404 1570 ὀλόφυρσιν
425 1474 469 1570 μὴ
494 1478 607 1547 οἰκιῶν
628 1480 684 1546 καὶ
709 1480 765 1570 γῆς
787 1485 965 1546 ποιεῖσθαι
989 1483 1103 1548 scribit.
1135 1497 1149 1522 ⁰

278 1609 326 1672 Ab
350 1607 456 1672 eodem
478 1627 583 1671 rernm
607 1607 751 1690 seriptore
779 1608 907 1672 verbum
930 1596 1070 1691 ἁπάγειν
1093 1626 1164 1670 oum
1196 1607 1297 1670 dativo
1321 1625 1394 1670 oon·

171 1715 328 1795 iungitur,
364 1733 425 1796 qua
454 1733 486 1778 re
514 1713 590 1777 sutis
607 1714 745 1778 exousari
770 1717 843 1796 puto
867 1713 884 1792 ᾖ
907 1715 969 1776 113
986 1700 1169 1798 ἀπαγαγεῖν
1183 1715 1252 1788 ταῖς
1268 1708 1397 1789 ἕνδεκα,

171 1821 225 1884 ubi
249 1821 397 1884 Benseler
418 1820 673 1902 praepositionem
697 1809 781 1900 πρός
801 1821 849 1882 vel
873 1809 1101 1895 ὦςᾱεε111εεε1.
1137 1819 1282 1899 Legimus
1307 1819 1392 1882 enim

172 1927 255 2010 apud
269 1927 359 1988 illum
383 1923 459 1989 VIII
483 1927 535 2000 28,
559 1928 578 1988 2
603 1913 793 2009 ἀπαγαγεῖν,
818 1919 846 1988 εἰ
868 1916 1028 2007 βούλεται,
1052 1921 1190 2006 βασιλεῖ.

280 2049 388 2130 Neque
403 2049 479 2112 illud
503 2039 539 2135 νὴ
561 2039 617 2112 τὸν
634 2045 702 2112 Δία
723 2039 779 2112 τὸν
795 2035 970 2130 Ὀλύμπιον
987 2049 1004 2132 ξ
1027 2051 1098 2121 121,
1118 2049 1199 2130 quod
1220 2049 1291 2112 alibi
1311 2049 1395 2131 apud
1432 2053 1434 2057 '

172 2157 415 2220 Demosthenem
438 2174 497 2218 non
520 2155 682 2230 invenitur,
706 2156 783 2218 mihi
807 2155 1010 2238 suspioiouem
1033 2159 1143 2218 movet.
1180 2155 1393 2219 Rehdantzius

172 2263 265 2336 enim,
290 2263 344 2344 qui
367 2261 541 2324 aoouratius
564 2261 602 2325 de
622 2262 743 2324 iurandi
763 2261 901 2325 formulis
918 2253 1271 2342 quibus'nemostnenes
1292 2261 1399 2324 utitur

170 2369 309 2450 disputat
320 2371 341 2442 ¹,
365 2368 440 2431 satis
465 2368 581 2430 multas
604 2367 693 2431 affert
715 2386 793 2448 quae
818 2368 912 2431 semel
936 2367 1017 2448 apud
1041 2386 1113 2431 eum
1131 2367 1283 2446 leguntur,
1307 2367 1392 2430 velut

170 2471 215 2536 IX
238 2475 280 2536 65
304 2463 341 2559 νή
363 2463 419 2535 τὸν
442 2467 512 2535 Δία
534 2470 589 2535 καὶ
612 2463 667 2535 τὸν
688 2459 850 2548 Ἀπόλλω,
874 2471 980 2536 XVIII
1004 2474 1069 2536 294
1092 2462 1127 2558 νή
1151 2463 1206 2534 τὸν
1227 2461 1401 2556 Ἡρακλέα

171 2577 227 2642 καὶ
251 2569 379 2654 πάντας
400 2569 475 2654 τοὺς
497 2569 604 2654 osnig,
629 2578 703 2642 XIX
727 2580 789 2641 262
814 2569 849 2663 νὴ
872 2568 929 2664 τὴν
952 2569 1117 2664 Δήμητρα.

277 2702 418 2784 Denique
440 2703 487 2765 vir
509 2702 617 2765 doetus
641 2703 753 2766 iniuria
776 2703 853 2765 mihi
876 2702 1001 2766 haerere
1019 2702 1140 2766 videtur
1157 2702 1189 2764 in
1209 2701 1225 2783 ξ
1248 2702 1319 2776 113,
1338 2701 1394 2764 ubi

171 2809 395 2874 Demosthenes
419 2811 553 2871 oratores
577 2803 679 2893 θηρία
702 2812 800 2872 vooot.
848 2807 933 2886 Quae
957 2827 1012 2871 vox
1040 2809 1259 2872 contumelioso
1283 2827 1397 2888 quam·

172 2934 267 2996 quam
292 2915 350 2978 edio
373 2915 437 2978 looo
461 2915 542 2996 apud
566 2933 637 2978 eum
661 2933 720 2976 non
743 2914 870 2994 legitur,
906 2917 1012 2978 tamen
1036 2915 1111 2978 satis
1135 2917 1256 2977 oonstat
1278 2913 1391 2977 Demo·

173 3023 316 3085 sthenem
339 3019 527 3084 adversarios
550 3020 830 3084 vehementissimis
854 3021 1021 3102 opprobriis
1050 3021 1203 3094 affecisse,
1234 3020 1321 3083 errius
1347 3020 1392 3083 rei

171 3127 322 3210 imprimis
356 3127 450 3190 oratio
483 3127 521 3190 de
550 3145 660 3190 corono
693 3127 794 3189 muita
828 3128 967 3208 exempla
997 3127 1136 3208 praehet,
1169 3127 1254 3189 velut
1285 3125 1302 3207 ξ
1329 3127 1418 3200 127Ι

172 3223 412 3317 σπερμὸλογος,
443 3226 643 3316 περίτριμμα
666 3218 802 3315 ἀγορᾶς,
833 3216 971 3317 ὄλεθρος
993 3221 1209 3316 γραμματεύς,
1232 3221 1401 3316 κάθαρμα·

172 3339 188 3421 ἓ
214 3341 277 3402 139
306 3328 470 3420 βάσκανος
497 3328 768 3424 ἰαμβειὸγραφος,
805 3338 822 3420 ξ
853 3339 916 3400 209
948 3327 1249 3422 γραμματοκύφων,
1285 3338 1301 3418 ξ
1327 3337 1390 3400 242

173 3439 330 3530 πίθηκος.
372 3443 472 3524 Quare
495 3444 571 3506 mihi
593 3444 775 3526 persuadere
798 3463 857 3506 non
877 3463 1003 3526 possum
1018 3445 1076 3507 hoo
1091 3443 1261 3506 eonvioium
1281 3443 1392 3506 oratori

174 3551 281 3614 durius
304 3551 405 3614 visum
422 3569 488 3614 esse
513 3568 607 3631 quam
631 3569 690 3630 quo
709 3550 755 3612 uti
774 3549 830 3612 sibi
853 3549 965 3613 lioeret.
991 3549 1035 3613 of.
1059 3552 1216 3631 praetereo
1236 3535 1399 3631 Aristoph..

173 3657 254 3720 Plut.
279 3657 352 3720 439.
377 3657 455 3720 Plut.
480 3655 609 3720 Phaedr.
634 3656 735 3718 24011.

278 3780 449 3861 Postquam
473 3798 508 3843 ea
531 3779 774 3842 examinavimus
799 3797 877 3860 quae
898 3779 1060 3844 Benselero
1084 3780 1116 3842 in
1139 3782 1225 3862 parte
1249 3780 1392 3860 quaeest

176 3887 246 3950 inde
271 3885 349 3968 1ξὲ
376 3886 547 3948 1111-159
572 3885 742 3966 displioent,
758 3886 822 3948 inm
845 3885 1004 3950 rideamus
1028 3904 1107 3967 quoe
1131 3889 1237 3949 eontra
1261 3902 1401 3965 eaquae

174 3993 208 4074 ἐξ
235 3993 409 4060 160--187
433 3993 578 4072 leguntur
600 3992 769 4074 protulerit

284 4259 292 4288 ¹
312 4254 506 4323 Rehdantz,
525 4247 725 4308 Demosthenes'
744 4271 814 4307 noun
833 4253 896 4322 phil.
916 4253 1014 4322 Redeo,
1034 4254 1118 4307 index
1135 4255 1163 4308 II
1181 4272 1205 4322 p.
1226 4253 1285 4308 281.
