3232 4890
665 262 876 360 A&

145 471 325 554 praeceptis
362 489 471 534 earnm
505 470 644 553 disputat
679 471 709 553 (ξ
735 473 798 555 18).
863 471 923 536 Sed
953 475 1194 537 consentaneum
1225 477 1273 538 est
1299 475 1382 538 hune

144 580 178 642 in
214 578 389 660 partitione
430 577 448 658 ξ
481 578 521 640 18
560 577 693 642 strictim
728 577 864 642 indicare
898 596 935 643 ea
969 596 1048 660 quae
1082 579 1288 661 explicaturus
1324 584 1379 645 est.

144 684 267 749 Deinde
296 683 430 747 Viezeus
460 687 681 747 commemorat
710 688 876 759 oratorem,
908 703 1100 766 quamquam
1123 686 1198 764 §19
1223 686 1307 750 dicat
1328 682 1381 748 νῖν

148 776 179 852 δ’
203 775 329 874 ἀνάγκη
359 775 442 851 καθ’
474 784 612 852 ἕκαστον
640 786 738 873 χωρὶς
767 787 843 874 περὶ
879 779 1016 853 ἑκάστου
1050 781 1233 871 διελόμενον
1264 789 1377 876 λέγειν,

151 915 250 977 neque
273 895 312 960 de
337 899 478 976 tempore
501 895 548 958 rel
570 895 816 976 promulgatione
847 896 952 976 legum
981 896 1188 977 mgcnderum
1212 899 1378 979 seperatim

150 1003 311 1084 disputare
335 1019 438 1082 neque
463 999 501 1064 de
525 1001 615 1065 tertio
637 1001 703 1066 loco
728 997 800 1080 (ἐπὶ
824 997 910 1064 πᾶσι
932 991 988 1063 τὸν
1010 989 1106 1064 αὐτὸν
1128 992 1225 1082 νόμον
1246 999 1379 1066 τιθέναι

148 1099 289 1182 κελεύει,
328 1107 393 1170 scil.
424 1094 442 1168 ὃ
472 1101 665 1192 νομοθέτης)
700 1107 823 1170 omnino
854 1108 946 1172 verbe
976 1107 1084 1172 iecere.
1141 1107 1379 1173 Concedendum

150 1214 281 1296 quidem
304 1217 355 1277 est
379 1212 417 1276 de
440 1211 502 1276 illis
525 1211 616 1276 rebus
634 1213 802 1294 separatim
824 1213 872 1277 vel
895 1232 1033 1277 seorsum
1056 1233 1115 1277 non
1138 1215 1197 1295 egi,
1225 1215 1278 1279 sed
1302 1215 1378 1279 satis

150 1324 200 1384 est
222 1338 274 1383 ees
297 1319 474 1400 promiscue
497 1319 644 1402 tractari„
685 1317 793 1400 Neque
815 1319 943 1383 tertium
975 1320 1077 1384 locum
1107 1315 1179 1402 (ἐπὶ
1209 1317 1295 1383 πᾶσι
1323 1311 1380 1384 τὸν

152 1412 246 1488 αὐτὸν
280 1415 382 1505 νόμον
414 1420 547 1487 τιθέναι
581 1413 712 1508 κελεύει)
751 1428 853 1488 orator
890 1425 1011 1490 silentio
1048 1428 1202 1508 praeterit,
1233 1427 1285 1491 sed
1315 1428 1379 1491 hue

148 1533 251 1614 §§59
273 1567 315 1576 —-
334 1532 376 1594 60
415 1530 576 1612 pertinent.
648 1529 811 1594 Praeterea
843 1531 951 1595 Viereo
987 1530 1068 1595 duee
1102 1533 1378 1612 argumentationis

148 1643 232 1702 artes
260 1636 390 1720 proponi
412 1635 556 1700 ridentur
585 1637 604 1717 ξ
629 1636 668 1700 17
698 1625 858 1717 βούλομαι
896 1626 935 1721 δὴ
963 1627 1064 1718 μικρὰ
1096 1628 1272 1715 διεξελθὼν
1301 1636 1378 1724 περὶ

153 1739 216 1806 τῶν
237 1739 398 1824 κειμένων
420 1731 525 1822 νόμιον
547 1727 628 1804 καθ’
646 1729 699 1817 υἷές
721 1735 804 1805 εἰσιν
827 1736 861 1805 αἱ
884 1737 1012 1806 τοιαίδε
1034 1741 1157 1830 γραφαὶ
1180 1741 1257 1825 περὶ
1281 1731 1379 1808 αὐτοῦ

151 1846 206 1912 τοῦ
228 1840 329 1929 νόμου
351 1844 472 1931 λέγειν,
505 1866 577 1912 cum
606 1848 679 1929 §19
712 1843 842 1932 πρῶτον
867 1844 927 1928 μέν
950 1831 1003 1911 οἷν
1026 1836 1107 1933 ὅπερ
1129 1837 1260 1934 ἠδίκησε
1284 1847 1378 1932 πρω-

150 1977 221 2032 τον,
252 1943 339 2018 τοῦτ’
370 1950 451 2037 ἐρῶ,
487 1941 531 2028 ὡς
554 1943 646 2037 παρὰ
674 1944 801 2029 πάντας
827 1943 902 2029 τοὺς
932 1944 1047 2034 νόμους
1070 1950 1274 2036 ἐνομοθέτει,
1306 1945 1380 2020 εἶτα

148 2058 213 2124 τῶν
235 2047 341 2124 ἄλλων
366 2055 440 2144 ἑξῆς
465 2107 473 2121 .
498 2107 506 2121 .
531 2109 538 2123 .
570 2060 639 2142 plns
663 2059 742 2124 duae
769 2063 872 2142 partes
902 2060 1084 2124 indicentur.
1139 2060 1241 2124 Verba
1272 2065 1379 2126 autem

153 2165 229 2251 περὶ
252 2153 348 2230 adeo&
371 2162 430 2228 τοῦ
452 2155 550 2246 νόμου
572 2169 604 2230 et
625 2155 697 2228 εἶτα
726 2161 790 2228 τῶν
819 2151 924 2228 ἄλλων
953 2160 1025 2251 ἑξῆς
1052 2167 1132 2231 inter
1162 2186 1194 2230 se
1224 2169 1378 2232 contraria

152 2293 212 2337 non
250 2278 334 2348 sunt,
376 2271 525 2353 quoniam
555 2289 591 2336 ea
615 2290 735 2353 quoque
770 2290 848 2354 quae
883 2272 921 2335 de
954 2272 1021 2354 ipsa
1054 2273 1121 2353 lege
1159 2270 1247 2357 (περὶ
1280 2259 1378 2336 αὐτοῦ

148 2375 206 2442 τοῦ
236 2369 350 2462 νόμου)
388 2378 526 2441 dietnms
557 2381 605 2442 cst
634 2378 806 2460 complures
829 2380 930 2460 partes
954 2378 1207 2460 comprehendere
1238 2373 1376 2461 possunt.

152 2486 291 2566 Denique
314 2487 425 2548 contra
447 2483 607 2547 Blossium
629 2483 750 2548 delendi
772 2483 891 2547 nnllam
914 2483 1110 2548 offensionem
1133 2485 1277 2566 praebere
1290 2486 1375 2568 ‘quod

152 2610 225 2655 curn
260 2592 297 2655 iis
334 2608 416 2672 qnae
449 2590 488 2671 ἐξ
513 2590 630 2654 108-
646 2590 707 2652 109
739 2589 885 2670 leguntur
915 2590 1038 2671 partitio
1069 2591 1107 2672 ἐξ
1131 2591 1281 2654 17-19
1313 2611 1375 2655 non

150 2701 311 2778 congruat.

254 2802 378 2882 Quibus
410 2801 448 2865 de
472 2801 574 2866 causis
599 2801 637 2865 ils
661 2819 740 2882 qnae
763 2799 892 2864 Viezeus
915 2799 953 2865 de
976 2801 1014 2881 ἐξ
1039 2801 1130 2864 17--
1143 2803 1183 2864 19
1208 2802 1375 2884 disputarit

152 2929 212 2973 non
236 2908 475 2990 adstipulamur.

256 3015 376 3078 Eorum
400 3031 479 3094 quae
502 3014 676 3092 sequuntur
700 3011 750 3093 (ἐξ
769 3013 927 3094 19-87)
951 3012 1030 3075 nihil
1046 3011 1146 3076 Viezei
1163 3013 1373 3094 suspicionem

148 3122 280 3196 excitat,
319 3119 381 3183 nisi
405 3117 485 3200 quod
509 3121 612 3182 orator
641 3115 718 3202 περὶ
747 3114 812 3180 τῶν
841 3104 1025 3198 ὠνουμένων
1052 3108 1093 3180 τὰ
1121 3114 1196 3204 τέλη
1225 3116 1280 3180 καὶ
1310 3115 1374 3180 τῶν

146 3221 360 3310 ἐγγυωμένων
382 3222 439 3286 καὶ
463 3213 655 3307 ἐκλεγόντων
677 3221 756 3299 κτλ,
780 3225 800 3287 i.
821 3241 846 3286 e.
870 3223 907 3287 de
931 3223 1042 3287 ultime
1065 3223 1140 3303 legis
1162 3224 1371 3289 Timocrateae

146 3339 245 3416 parte,
268 3350 332 3396 non
348 3331 493 3412 loquitur,
517 3347 708 3410 quamquem
723 3330 742 3410 ξ
757 3331 797 3394 70
813 3329 890 3393 dixit
905 3319 1113 3408 πολλαχόθεν
1127 3325 1186 3410 μέν
1201 3313 1255 3394 οὖν
1270 3315 1309 3392 δν
1322 3354 1374 3408 τις

149 3434 217 3518 έχοι
247 3434 345 3501 τοῦτο
380 3426 563 3513 διδάσκειν,
594 3425 738 3515 μάλιστα
771 3431 808 3498 δέ
843 3424 899 3497 τὸν
927 3425 1024 3515 νόμον
1053 3421 1148 3498 αὐτὸν
1178 3418 1214 3497 δν
1241 3433 1374 3500 τέθεικε

148 3534 285 3622 διεξιών.
327 3537 399 3606 ἔστι
423 3531 483 3625 γὰρ
504 3527 539 3604 ου’
570 3531 609 3603 τὸ
634 3537 694 3621 μέν
720 3526 817 3603 αὐτοῦ
840 3536 957 3619 κυλιῦςζ
973 3534 1126 3621 κείμενον,
1154 3531 1192 3602 τὸ
1219 3527 1248 3602 δ’
1271 3529 1373 3627 ἦμορέ

146 3648 298 3736 τημένον,
331 3634 402 3710 ἀλλ’
433 3635 506 3722 ὅλος
535 3641 572 3724 ἐξ
598 3633 710 3732 ἀρχῆς,
745 3633 816 3710 διεδ
842 3642 899 3732 τῆς
926 3636 1059 3731 πρώτης
1090 3642 1249 3732 συλλαβῆς
1277 3645 1372 3732 μέχρι

145 3751 203 3842 τῆς
232 3748 428 3828 τελευταίας,
453 3739 507 3838 ἐφ’
523 3741 598 3832 ὑμῖν
619 3755 735 3816 κεῖται.
787 3751 931 3816 Ceterum
949 3752 1079 3816 Vienens
1097 3757 1191 3833 neget
1211 3751 1372 3817 diiudicari

146 3881 235 3943 posse
259 3865 369 3925 utrum
391 3859 449 3922 hoc
473 3859 583 3922 vitium
610 3859 822 3940 neglegentiae
854 3859 981 3921 oratoris
1011 3877 1051 3922 an
1081 3857 1205 3922 editoris
1237 3859 1372 3922 librario-

149 3986 255 4032 rumre
285 3967 395 4048 culpae
418 3965 617 4028 tribuendum
640 3966 689 4028 sit.
737 3963 798 4028 Sed
821 3964 858 4028 de
880 3963 953 4027 vitio
976 3965 1110 4044 cogitare
1132 3983 1208 4046 opus
1231 3984 1292 4028 non
1314 3969 1370 4028 est.

148 4073 230 4137 Nam
263 4073 296 4135 id
324 4071 407 4152 quod
441 4090 460 4134 e
487 4071 595 4134 l'iezeo
630 4070 821 4134 desideratur
852 4070 942 4152 paulo
979 4075 1050 4134 ante
1077 4073 1178 4133 orator
1208 4070 1371 4150 explicarit

142 4179 186 4260 §gl
206 4181 247 4242 59
269 4213 311 4226 ω
333 4178 385 4240 60.
439 4176 549 4258 Itaque
573 4195 835 4259 supervacaneum
858 4179 925 4240 erat
948 4175 1078 4240 eandem
1100 4193 1167 4239 rem
1188 4175 1279 4256 paulo
1302 4180 1371 4257 post

146 4288 261 4367 iterum
284 4286 430 4348 tractare.
