3232 4890
853 268 872 328 2

254 487 331 551 iussi
359 487 433 548 sunt
463 483 588 546 nomina
618 499 724 544 eorum
756 499 832 561 quos
866 483 972 542 contra
992 479 1089 558 leges
1122 477 1286 559 pecuniam
1319 474 1475 558 publicam

255 593 409 676 possidere
425 591 538 654 scirent
554 589 593 652 ad
609 589 828 668 magistratum
844 587 896 667 qui
916 579 1048 670 ζητηταί
1069 585 1309 647 nominabantur
1325 582 1475 646 deferre.¹

254 699 364 780 ltaque
380 697 537 770 Euctemo
560 695 613 776 qui
636 694 682 757 rir
704 697 795 757 antea
818 694 858 755 ab
872 692 1058 755 Androtione
1077 691 1109 754 in
1126 709 1286 754 summum
1301 689 1474 770 periculum

255 810 381 870 vocatus
403 803 537 867 maximo
561 802 628 871 odio
650 802 682 864 in
706 819 777 864 eum
800 799 1013 862 infiammatus
1036 802 1112 870 erat,
1135 816 1174 860 ne
1196 795 1365 878 cupiditate
1380 795 1476 858 ulcis-

254 912 344 976 cendi
367 915 538 974 commotus
561 908 725 979 videretur,
749 906 936 969 Archebium
953 909 984 968 et
1000 903 1200 985 Lysithidem,
1224 902 1277 984 qui
1292 900 1476 965 trierarcho-

254 1038 325 1081 mm
347 1034 474 1080 munere
500 1015 661 1094 fungentes
694 1031 802 1076 navem
834 1029 895 1092 qua
925 1011 1017 1091 legati
1047 1011 1093 1073 illi
1122 1009 1201 1074 recti
1231 1011 1319 1072 erant
1347 1025 1476 1072 exorna-

254 1126 371 1198 verant,
404 1121 514 1202 arguit,
545 1119 625 1202 quod
654 1118 816 1200 pecuniam
846 1117 932 1179 illam
955 1117 1176 1180 Naucraticam
1205 1115 1325 1197 publico
1356 1113 1473 1178 aerario

255 1250 314 1294 non
337 1228 548 1292 tradidissent.
594 1225 655 1288 Res
685 1228 850 1306 postquam
877 1213 975 1308 βουλή
1005 1222 1042 1286 de
1071 1241 1108 1286 ea
1136 1211 1364 1306 προβούλευμα
1391 1219 1474 1292 fecit,

255 1337 295 1400 ad
318 1335 489 1400 contionem
512 1333 615 1414 populi
637 1331 728 1404 venit,
752 1330 806 1393 ubi
821 1329 969 1393 Euctemo
984 1328 1143 1410 ·quomodo
1164 1327 1278 1410 praeda
1292 1326 1375 1390 lacta
1391 1329 1474 1390 esset

254 1441 391 1506 narravit
421 1443 452 1504 et
483 1439 565 1519 leges
600 1436 771 1500 secundum
803 1454 880 1517 quas
915 1435 959 1499 rei
993 1435 1132 1516 publicae
1166 1434 1252 1497 fieret
1285 1433 1473 1496 assentiente

255 1547 365 1631 populo
407 1545 555 1609 recitavit.
621 1543 702 1606 Tum
735 1542 828 1622 legati
862 1561 925 1605 non
959 1541 1141 1604 trierarchos
1174 1540 1307 1621 pretium
1341 1539 1473 1620 praedae

256 1655 375 1727 habere,
399 1651 452 1716 sed
476 1670 495 1714 a
517 1669 549 1714 se
567 1649 740 1732 'petendum
757 1667 823 1712 esse
839 1647 966 1730 professi
982 1651 1064 1710 sunt.
1102 1646 1308 1710 Nihilominus
1323 1645 1473 1708 Euctemo

255 1760 336 1822 hanc
359 1757 548 1838 rogationem
571 1755 643 1819 tulit
658 1757 685 1818 ²:
715 1743 798 1835 ὑμᾶς
832 1753 863 1835 (i.
886 1773 912 1818 e.
940 1743 995 1814 τὸν
1025 1749 1137 1839 δῆμον)
1174 1747 1234 1832 μὲν
1267 1740 1474 1835 εἰσπράττειν

254 1855 328 1940 τοὺς
349 1853 562 1949 τριηράρχους,
588 1855 723 1935 ἐκείνοις
745 1846 859 1922 δἐἶναι
889 1856 965 1942 περὶ
988 1847 1091 1922 αιἰτιῦν
1122 1854 1197 1939 (τῶν
1218 1847 1397 1942 χρημάτων)
1426 1851 1475 1932 εἷς

254 1961 328 2046 τοὺς
344 1964 473 2050 ε”χοντας
489 1957 662 2053 ἀναφοράν.
699 1956 758 2028 tob
781 1952 1057 2052 δ’ἆγιφισβιγτῆταί
1072 1987 1114 2042 τι,
1139 1966 1248 2026 ποιεῖν
1263 1957 1473 2026 διαδικασίαν

254 2066 310 2138 τὸν
332 2062 544 2160 δ’ἡττιγθέντα
566 2068 678 2135 τοῦτον
701 2061 842 2158 ὀφείλειν
869 2067 907 2158 τῇ
928 2061 1033 2132 πόλει.
1069 2070 1171 2150 Quam
1186 2071 1295 2152 populo
1311 2071 1473 2151 probatam

254 2201 321 2247 esse
350 2201 366 2244 e
389 2181 488 2244 verbis
513 2198 591 2261 quae
615 2183 788 2260 sequuntur
810 2167 989 2264 γράφονται
1018 2167 1057 2238 τὸ
1085 2167 1243 2262 ψήφισμα
1275 2175 1372 2240 conici
1400 2175 1472 2239 licet

255 2287 338 2351 Nam
355 2276 514 2373 ψήφισμα
528 2285 705 2349 consultum
727 2285 774 2348 vel
797 2284 989 2364 rogationem
1011 2283 1172 2364 probatam
1189 2283 1350 2363 significat.
1390 2280 1472 2346 Sane

256 2383 415 2479 ψήφισμα
439 2380 572 2478 γράφειν
593 2389 676 2454 idem
698 2391 781 2454 valet
803 2389 884 2470 quod
906 2389 1097 2470 rogationem
1119 2389 1207 2464 ferre,
1231 2388 1284 2454 sed
1306 2389 1472 2470 rogationis

253 2500 335 2563 notio
359 2499 506 2563 vocabulo
533 2485 689 2583 ψήφισμα
718 2497 779 2577 ipsi
808 2515 869 2559 non
898 2496 992 2570 inest,
1028 2496 1081 2559 sed
1110 2514 1144 2559 eo
1174 2495 1256 2578 quod
1283 2515 1355 2560 cum
1381 2496 1473 2560 verbo

255 2594 389 2691 γράφειν
411 2603 611 2667 coniunctum
634 2605 681 2666 est
705 2602 844 2665 efficitur.
878 2601 1017 2665 Pretium
1039 2606 1145 2667 autem
1167 2601 1306 2684 praedae,
1330 2605 1366 2666 ut
1381 2606 1474 2666 antea·

254 2710 373 2774 dictum
389 2711 446 2784 est,
462 2728 571 2773 novem
588 2709 713 2772 talentis
730 2688 761 2770 et
776 2708 903 2788 triginta
917 2709 1009 2772 minis
1025 2709 1225 2772 aestimatum
1242 2712 1316 2776 erat
1347 2709 1474 2773 Accedit

253 2814 334 2898 quod
356 2816 394 2879 iis
418 2816 471 2897 qui
494 2815 657 2896 pecuniam
681 2832 803 2877 sacram
821 2814 867 2876 rel
890 2814 1048 2896 publicam
1064 2819 1170 2878 contra
1185 2816 1267 2896 leges
1283 2816 1473 2880 retinuerant

253 2923 354 2985 multa
370 2919 514 2985 solvenda
531 2923 606 2996 erat,
631 2939 711 3001 quae
727 2919 902 3002 decemplex
917 2921 1052 3002 pretium
1069 2939 1183 2996 sacrae,
1206 2921 1317 3003 duplex
1331 2923 1473 3004 publicae

253 3028 399 3110 pecuniae
427 3026 612 3090 efficiebatl.
672 3026 835 3090 Praeterea
865 3026 1016 3090 debitores
1044 3027 1087 3089 rei
1117 3027 1257 3109 publicae
1287 3028 1321 3090 in
1351 3029 1474 3092 vincula

254 3134 389 3198 conicere
423 3132 552 3208 licebat,
587 3132 662 3195 dum
697 3132 858 3196 solvissent
872 3136 894 3196 ⁴.
955 3133 1061 3212 Legati
1094 3133 1201 3213 igitur,
1236 3137 1271 3197 ut
1302 3134 1473 3216 periculum

253 3239 421 3303 imminens
454 3237 636 3320 effugerent,
670 3237 891 3302 Euctemonem
913 3228 1110 3322 παρανόμων
1137 3239 1169 3302 in
1199 3240 1248 3319 'pus
1277 3245 1473 3304 rocaverunt.

256 3344 315 3424 Qui
338 3365 410 3408 curn
433 3345 594 3408 absolutus
618 3348 714 3419 esset,
748 3344 954 3408 Timocratem
985 3343 1180 3408 adduxerunt
1202 3349 1238 3409 nt
1260 3347 1360 3426 legem
1382 3346 1474 3411 ferret

256 3470 317 3532 qna
345 3451 550 3514 constitutum
580 3453 627 3514 est
657 3469 695 3513 ne
725 3449 875 3514 debitores
906 3450 1019 3532 publici
1050 3452 1104 3531 qui
1134 3451 1226 3515 rades
1256 3452 1413 3517 dedissent
1442 3454 1474 3516 in

254 3575 409 3620 carcerem
430 3557 647 3620 conicerentur.
688 3556 766 3620 Dolo
782 3560 886 3619 autem
901 3555 1001 3620 effecit
1024 3560 1059 3620 ut
1074 3557 1131 3630 lex,
1160 3575 1238 3638 quae
1263 3557 1381 3622 civibus
1403 3559 1474 3622 usui

254 3682 320 3726 esse
333 3662 495 3737 videretur,
512 3662 697 3726 nomothetis
714 3663 894 3744 probaretur
909 3665 940 3726 et
956 3663 999 3726 ita
1014 3663 1132 3742 legatos
1149 3662 1188 3726 ad
1204 3667 1327 3746 tempus
1339 3665 1474 3746 periculo

255 3823 509 3830 -...-....η-.-

361 3910 368 3939 ¹
388 3906 453 3960 lln.
472 3908 487 3974 ξ
508 3909 548 3961 11.

358 4015 369 4046 l
387 4012 452 4066 Tim.
472 4014 486 4080 ξ
501 4016 548 4068 13.

358 4117 619 4187 ³Sohocrnann,
640 4121 684 4176 Gr.
703 4119 867 4174 Alter-tilmon
884 4123 925 4177 ed.
944 4121 958 4174 Ι
977 4139 1000 4190 p.
1020 4121 1081 4175 418.

358 4227 369 4258 ⁴
386 4224 403 4279 l.
418 4242 440 4280 c.
454 4242 479 4292 p.
493 4229 559 4292 5173
579 4225 935 4292 Maior-Schoemann,
955 4227 1310 4282 dor·attisolreP1·ozelsnerr
1329 4230 1472 4283 bearbeilet

252 4328 303 4364 von
322 4311 459 4380 Lipsius
478 4315 505 4368 Il
525 4333 549 4384 p.
570 4316 630 4369 961.
