3232 4890
247 1125 311 1234 De
335 1171 549 1234 Demosthenis
573 1172 604 1233 in
627 1171 831 1234 Timocratem
861 1171 996 1234 oratione
1026 1171 1081 1234 viri
1099 1171 1192 1260 'docti
1222 1173 1359 1234 multum

140 1277 377 1359 disputauerunt
400 1281 430 1341 et
453 1278 505 1339 1111
529 1278 620 1340 111111
642 1277 862 1341 iudicauerunt.
918 1276 1114 1358 Quamquam
1137 1278 1231 1358 igitur
1254 1279 1359 1360 negari

141 1403 199 1446 non
222 1385 324 1464 potest
346 1383 497 1464 paulatim
521 1402 539 1445 a
562 1383 634 1446 uiris
659 1383 755 1446 doctis
779 1384 879 1446 muita
908 1383 948 1445 ad
977 1383 1121 1446 orationis
1151 1384 1359 1447 condicionem

139 1489 356 1552 illustrandam
380 1489 476 1551 allata
500 1507 582 1564 esse,
612 1493 718 1552 tamen
750 1507 839 1551 nemo
867 1489 968 1572 adhuc
996 1507 1061 1552 rem
1088 1489 1133 1552 ita
1164 1489 1301 1571 exposuit
1324 1495 1360 1553 ut

139 1614 199 1658 non
221 1595 380 1676 putandus
404 1595 444 1656 sit
469 1598 523 1657 aut
547 1595 668 1676 saepius
686 1598 747 1685 aut
770 1595 893 1658 omnino
915 1595 1062 1658 erravisse
1078 1599 1132 1658 aut
1148 1596 1359 1676 quaestionem

139 1702 243 1764 minus
275 1703 418 1764 accurate
448 1701 627 1763 instituisse.
685 1701 794 1781 ltaque
824 1701 857 1762 in
888 1701 1029 1763 animum
1058 1701 1165 1764 induri
1196 1702 1359 1765 sententiis

141 1807 275 1869 virorum
307 1807 465 1869 doctorum
496 1807 677 1869 examinatis
705 1806 837 1888 proferre
867 1825 945 1887 quae
977 1807 1053 1868 mihi
1086 1807 1123 1870 de
1152 1806 1360 1870 Timocrateae

142 1913 359 1994 compositione
382 1911 565 1974 viderentur.
606 1909 685 1974 Dum
709 1915 815 1974 autem
839 1911 1050 1994 quaestionem
1073 1930 1176 1975 meam
1199 1931 1295 1994 paene
1320 1913 1360 1975 ad

140 2017 232 2082 finem
254 2013 475 2100 perduxissem,
499 2018 530 2080 in
553 2037 665 2081 manus
687 2019 764 2080 mibi
780 2019 863 2096 venit
878 2017 1093 2081 Demosthenis
1111 2019 1266 2081 actionum
1284 2019 1361 2100 pub·

143 2124 274 2186 licarum
298 2123 438 2187 editionis
463 2143 481 2186 a
503 2123 614 2186 Weiiio
638 2127 832 2205 comparatae
855 2143 927 2204 pars
951 2124 1084 2187 aitera1.
1136 2123 1362 2206 (1111111111-

140 2229 252 2292 tatione
283 2229 327 2292 ibi
356 2229 485 2291 orationi
514 2229 723 2292 Timocrateae
753 2230 921 2309 praemissa
948 2230 1097 2292 nonnulla
1126 2231 1254 2312 protulit
1283 2248 1361 2310 quae

141 2354 194 2414 ego
218 2345 342 2416 quoque
365 2335 542 2398 inveneram
565 2338 596 2398 et
618 2355 668 2398 me
691 2336 827 2416 primum
850 2335 1043 2417 proditurum
1066 2355 1133 2400 esse
1156 2355 1360 2417 speraveram.

141 2440 347 2504 Nihilominus
365 2444 470 2503 autem
486 2459 611 2521 operam
626 2459 731 2503 meam
746 2459 942 2522 nequaqaum
965 2460 1224 2522 supervacaneam
1244 2442 1361 2524 putavi,

140 2565 210 2610 cum
234 2545 367 2609 Weiiins
390 2565 489 2627 neque
513 2547 738 2610 sententiarum
762 2551 854 2610 antea
877 2566 895 2609 a
919 2547 991 2609 viris
1015 2547 1112 2610 doctis
1136 2548 1361 2629 propositarum

141 2653 230 2716 satis·
247 2653 401 2716 rationem
433 2653 593 2716 habuisset
623 2671 722 2734 neque
753 2654 819 2716 eius
851 2653 949 2734 opinio
980 2653 1063 2716 omui
1095 2673 1131 2716 ex
1164 2656 1250 2734 parte
1285 2655 1362 2716 mihi

143 2759 333 2840 probaretur,

248 2865 436 2945 Priusquam
451 2882 522 2927 uero
546 2863 585 2926 ad
602 2865 812 2944 quaestionem
835 2865 936 2946 ipsam
959 2864 1127 2944 aggredior,
1152 2867 1260 2946 aptum
1283 2866 1361 2928 mihi

140 2971 261 3035 videtur
292 2989 438 3052 exponere
462 2989 523 3049 qua
555 2971 592 3034 de
622 2989 653 3034 re
685 2971 724 3034 ab
753 2975 871 3034 oratore
901 2975 1013 3051 agatur
1035 2973 1065 3034 et
1094 2971 1243 3052 quomodo
1267 2972 1363 3034 oratio

142 3077 290 3160 disposita
314 3077 363 3140 sit.
1004 3081 1006 3085 ’

246 3183 410 3257 1111111111,
441 3183 635 3264 Melampus,
668 3181 847 3258 1111111111,
878 3183 972 3262 legati
995 3183 1034 3246 ab
1058 3181 1294 3246 Atheniensibus
1323 3183 1363 3246 ad

141 3289 318 3353 Mausolum
349 3287 457 3352 Cariae
489 3289 654 3370 dynastam
682 3289 787 3363 missi,
819 3307 896 3352 nare
928 3288 1114 3351 Naucratica
1144 3288 1232 3371 potiti
1263 3293 1361 3351 erant.

143 3395 211 3474 Qua
241 3395 278 3459 de
307 3414 339 3458 re
363 3395 492 3458 Athenis
524 3396 625 3476 questi
655 3414 728 3458 cum
753 3394 952 3458 Naucratitae
983 3398 1122 3477 peterent
1149 3397 1186 3456 ut
1215 3394 1275 3458 sibi
1305 3413 1362 3456 sua

143 3501 359 3576 redderentur,
390 3501 505 3582 repulsi
528 3501 640 3564 sunt²
664 3499 862 3582 Quamquam
885 3504 990 3564 autem
1014 3500 1132 3564 decima
1162 3519 1233 3582 pars
1261 3501 1361 3580 omnis

141 3607 271 3688 praedae
295 3626 329 3670 11
355 3607 445 3669 modo
468 3605 568 3670 factae
591 3606 760 3679 Mineruae,
784 3607 1042 3690 quinquagesima
1065 3607 1190 3687 reliquis
1214 3605 1273 3669 diis
1307 3607 1362 3668 tri-

142 3713 274 3788 buenda,
297 3713 452 3793 reliquum
477 3713 509 3775 in
532 3711 1031 3794 111111111111111111111111111,3
1054 3712 1147 3792 legati
1162 3715 1261 3775 totam
1276 3731 1364 3794 prae·
1423 3723 1424 3726 ’

143 3819 232 3893 dam,
256 3837 335 3899 quae
359 3837 469 3882 norem
492 3818 617 3881 talentis
641 3823 672 3882 et
701 3819 829 3898 triginta
851 3819 944 3881 minis
969 3818 1133 3882 aestimata
1159 3821 1220 3891 est,
1249 3818 1366 3881 retinu-

144 3928 245 3988 erunt.
282 3923 342 3988 Sed
365 3943 426 3986 non
448 3924 546 3987 111111
570 3927 640 4006 post
662 3924 727 4004 lege
744 3924 969 4006 Aristophontis
986 3925 1147 3988 cuiusdam
1160 3924 1363 3986 Athenienses

250 4156 257 4184 ¹
277 4151 355 4210 Wess,
375 4151 426 4204 Les
445 4151 593 4218 plaidoyers
613 4149 1145 4218 1111111111(111111111111111,11111·11.
1189 4149 1263 4203 Paris
1284 4148 1360 4202 raab.

250 4239 315 4292 ²Cf.
335 4237 399 4293 1111.
419 4241 433 4308 ξ
455 4239 488 4290 12
506 4255 563 4306 sqq.

251 4331 262 4361 ³
279 4327 426 4395 Boseth,
446 4326 660 4380 Staatshaushait
676 4327 690 4380 Ι
708 4344 733 4394 p.
754 4328 804 4381 ’145
823 4330 850 4380 11
869 4329 928 4382 aba.
