3232 4890
849 256 890 318 22

264 466 372 547 magni
409 466 575 531 aestimata
609 484 676 530 esse
710 484 728 529 a
756 466 920 542 veteribus,
957 485 1031 530 nou·
1048 467 1128 531 tanti
1164 467 1313 532 momenti
1344 469 1420 531 sunt
1448 469 1491 530 ut

266 591 414 654 cogamur
442 577 563 655 partem
590 573 623 636 in
655 573 849 636 cohaerentia
877 573 1100 637 sententiarum
1131 574 1325 656 aptissimam
1355 591 1392 638 ex
1415 591 1486 638 ora-

265 679 347 743 tione
377 675 554 760 segregare,
595 678 656 742 nisi
684 679 853 760 praeceptis
884 679 959 742 artis
988 679 1071 743 iltius
1104 680 1336 744 accuratissime
1359 698 1490 762 respon·

267 775 347 849 dcet.
404 785 488 848 Nam
519 803 574 848 cur
600 803 716 865 magna
739 787 883 867 exparte
907 803 967 849 non
990 785 1030 848 ad
1053 785 1129 850 artis
1151 804 1292 850 normam
1315 786 1490 868 composita

267 891 307 954 sit
329 892 425 954 oratio
449 891 543 955 etiam
567 890 645 954 aliae
668 909 780 954 causae
803 891 929 971 cogitari
947 894 1084 972 possunt,
1107 892 1288 973 pracsertim
1309 909 1381 956 eum
1405 892 1484 955 alias

266 1015 387 1079 quoque
410 997 570 1072 orationes,
597 997 683 1060 velut
709 996 890 1073 Midiauam
920 997 1090 1062 habeamus
1121 999 1154 1061 in
1184 998 1296 1080 quibus
1325 998 1489 1080 dispositio

265 1104 380 1185 ubique
404 1103 574 1168 secundum
597 1103 673 1166 artis
696 1103 778 1183 leges
801 1103 945 1166 instituta
968 1121 1029 1167 uon
1051 1105 1152 1186 magis
1175 1107 1332 1186 appareat.

370 1207 456 1287 Quae
472 1227 544 1272 cum
559 1209 604 1272 ita
620 1209 690 1284 sint,
712 1209 854 1272 Dahmsii
872 1209 1139 1290 argumentatione
1155 1209 1314 1274 Bcnseleri
1330 1212 1490 1276 sententia.

267 1335 328 1380 non
350 1315 472 1380 ridetur
493 1315 617 1378 firmata
640 1325 715 1380 esse.

369 1423 438 1486 Iam
466 1421 506 1485 ad
529 1421 682 1486 Blassium
710 1439 766 1484 nos
788 1423 1020 1497 convertamus,
1060 1421 1112 1504 qui
1136 1421 1291 1486 Schaeieri
1314 1423 1490 1504 opinionem

268 1529 368 1610 magis
392 1529 560 1612 explicavit.
649 1567 650 1570 =

371 1637 473 1718 Atque
495 1635 630 1718 primum
654 1633 779 1715 quidem
801 1653 874 1698 cum
896 1632 1057 1698 Schaeiero
1079 1633 1129 1698 hic
1151 1637 1242 1716 putat
1263 1633 1432 1698 Diodorum
1455 1638 1490 1698 et

269 1741 490 1806 Euctemonem
518 1741 598 1822 quod
626 1741 794 1804 voluisseut
817 1744 974 1804 assecutos
998 1759 1075 1816 esse,
1106 1759 1178 1804 cum
1201 1740 1295 1821 legati
1317 1759 1370 1822 pro
1394 1744 1488 1823 capta

269 1848 383 1931 praeda
405 1848 568 1930 pecuniam
590 1846 805 1910 reddidissent.
851 1845 920 1924 Qua
951 1845 988 1908 de
1016 1863 1049 1910 re
1080 1845 1153 1926 quid
1181 1846 1382 1910 iudicandum
1405 1851 1491 1912 esset

271 1959 362 2018 antea
384 1954 553 2035 explanari.
597 1953 716 2016 Deinde
739 1953 900 2016 nonnullos
923 1952 1003 2016 locos
1026 1954 1187 2016 enumerat
1210 1971 1295 2033 quoa,
1317 1956 1486 2034 antequam

272 2060 366 2141 legati
405 2060 583 2134 solvissent
615 2059 743 2141 scriptos
781 2077 848 2122 csse
887 2062 999 2121 censet.
1061 2057 1235 2138 Distinguit
1268 2061 1375 2122 autem
1409 2059 1490 2123 duas

273 2165 460 2248 scriptiones,
485 2183 616 2248 quarum
631 2165 728 2229 altera
752 2167 823 2228 ante
840 2163 1031 2238 solutionem,
1055 2163 1153 2226 altera
1167 2167 1237 2245 post
1252 2183 1322 2226 eam
1337 2164 1420 2228 facta
1438 2167 1491 2230 sit.

375 2274 420 2335 Ac
441 2271 555 2354 prioris
572 2271 697 2352 quidem
721 2269 892 2352 scriptionis
921 2270 1111 2351 prooemium
1134 2269 1275 2333 Blassius
1304 2273 1393 2352 putat
1423 2289 1493 2335 am·

269 2379 392 2460 plexum
429 2379 496 2442 'ecse
526 2378 564 2459 ἐξ
594 2377 711 2440 1-10
741 2373 837 2438 λίσαι
867 2369 1049 2456 δυναίμεθα
1083 2378 1114 2440 ct
1145 2378 1215 2438 tum
1243 2380 1385 2440 secutum
1421 2397 1490 2442 esse

270 2484 346 2548 illud
383 2475 543 2566 βούλομαι
581 2473 620 2570 δὴ
662 2472 763 2567 μικρὰ
797 2471 974 2560 διεξελθών
1007 2482 1025 2563 ἓ
1066 2483 1123 2556 17;
1173 2481 1254 2562 quod
1298 2484 1490 2564 prooemium

270 2594 423 2654 oratorem
457 2591 501 2653 ita
535 2592 718 2654 retractasse
749 2591 785 2651 ut
815 2589 928 2652 omissa
964 2591 1050 2669 parte
1079 2606 1158 2669 quae
1192 2591 1240 2651 est
1269 2588 1340 2652 inde
1370 2607 1389 2652 a
1419 2589 1438 2669 ἓ
1469 2591 1492 2652 8

269 2689 443 2782 βουλοίμην
465 2682 495 2758 δ’
511 2682 550 2758 dv
573 2691 632 2776 ἐμέ
646 2716 681 2758 τε
698 2694 880 2775 τυχεῖν-ἓ
898 2695 938 2756 10
954 2689 1048 2756 λῦσαι
1065 2687 1246 2774 δυναίμεθα
1268 2694 1394 2758 adderet
1409 2695 1427 2774 ἕ
1448 2697 1491 2760 lo

271 2797 308 2879 ἐξ
336 2787 433 2886 ἀρχῆς
463 2783 517 2864 οὖν
540 2839 581 2848 -
605 2802 623 2883 ᾗ
649 2803 698 2864 16.
752 2800 835 2864 Nam
864 2800 957 2864 verba
987 2801 1041 2881 §8
1065 2794 1239 2885 βουλοίμην
1266 2785 1295 2862 d'
1312 2785 1351 2862 ἂν
1373 2795 1431 2879 ἐμέ
1453 2821 1492 2862 τε

270 2909 373 2989 τυχεῖν
389 2887 433 2970 ὧν
446 2887 604 2989 βοίλομαι
619 2896 732 2970 τοῦτόν
746 2927 780 2969 τε
796 2907 922 2970 παθεῖν
938 2885 982 2968 ὧν
996 2892 1088 2984 ἄξιός
1104 2901 1201 2983 ἐστιν,
1218 2909 1382 2988 postquam
1393 2906 1492 2986 legati

271 3013 402 3095 praedae
431 3013 566 3096 pretium
597 3013 749 3088 solverint,
787 3014 826 3077 ab
855 3015 972 3076 oratore
1003 3015 1072 3094 apte
1104 3011 1163 3075 dici
1190 3013 1325 3094 potuisse
1355 3013 1400 3074 illi
1428 3032 1493 3076 non

273 3119 422 3195 videntur,
445 3121 517 3202 quia
532 3121 590 3184 hac
606 3119 755 3184 solutione
777 3119 822 3182 rei
837 3119 977 3200 publicae
1000 3121 1032 3182 et
1047 3118 1277 3182 accusatoribus
1294 3117 1492 3182 satisfactum

273 3244 340 3290 esse
363 3226 528 3290 existimat.
581 3225 622 3289 Et
644 3225 777 3308 profecto
800 3225 912 3289 oratori
935 3227 1043 3306 aptum
1070 3243 1131 3287 nou
1160 3224 1270 3288 fuisset
1291 3224 1493 3307 pronuntiare

272 3326 446 3418 βουλοίμην
474 3319 502 3394 d'
525 3317 564 3395 dv
587 3327 646 3412 ἐμέ
667 3352 702 3394 τε
724 3331 827 3410 τυχεῖν
850 3310 894 3393 ὧν
915 3319 1073 3412 βούλομαι
1095 3327 1173 3407 κτλ,
1204 3331 1231 3393 si
1260 3349 1292 3394 re
1315 3347 1385 3394 uera
1409 3330 1492 3411 quod

273 3437 364 3502 vellet
387 3441 547 3502 assecutus
571 3441 660 3502 esset.
714 3435 802 3516 Quod
830 3445 895 3500 non
920 3435 1038 3500 factum
1070 3454 1137 3500 esse
1159 3439 1251 3499 antea
1274 3437 1494 3500 demonstravi.

378 3542 575 3626 Quamquam
598 3544 693 3623 igitur
720 3544 796 3606 haec
818 3544 911 3607 verba
939 3543 977 3606 ob
1009 3560 1136 3606 causam
1160 3561 1178 3604 a
1201 3540 1315 3606 Blassio
1338 3543 1492 3624 prolatam

274 3650 475 3731 vituperanda
487 3669 547 3712 non
560 3653 641 3726 sunt,
650 3652 756 3712 tamen
765 3649 969 3730 suspicionem
978 3650 1110 3722 movent,
1123 3647 1204 3730 quod
1214 3647 1252 3711 ad
1265 3649 1493 3712 sententiarum

274 3774 424 3820 conexum
458 3773 519 3819 non
548 3755 740 3820 conveniunt.
791 3753 902 3818 Orator
930 3755 1014 3818 enim
1043 3754 1081 3836 ἐξ
1105 3755 1201 3817 6-9
1231 3753 1352 3836 exponit
1374 3772 1436 3836 qna
1458 3773 1495 3818 re

178 3849 180 3854 ’
274 3861 426 3925 adductus
443 3861 484 3924 sit
494 3863 531 3924 ut
541 3860 722 3926 Timocratis
734 3861 835 3941 legem
845 3860 1049 3943 impugnaret.
1078 3859 1192 3924 Narrat
1203 3859 1304 3940 igitur,
1325 3863 1493 3942 postquam

275 3967 314 4031 ab
329 3967 514 4031 Androtione
530 3966 698 4049 impietatis
713 3967 888 4048 postulatus
904 3969 935 4032 et
954 3967 985 4030 in
1002 3985 1161 4031 summum
1177 3964 1349 4048 periculum
1364 3968 1493 4030 vocatus

275 4075 323 4148 sit,
343 4093 375 4138 se
391 4073 423 4136 id
439 4073 538 4154 egisse
553 4076 589 4160 ut
604 4073 685 4136 hunc
699 4073 905 4137 ulcisceretur.
938 4072 998 4151 Qui
1013 4092 1086 4136 cum
1100 4091 1163 4136 non
1178 4072 1278 4136 solum
1293 4072 1336 4135 rei
1351 4073 1496 4154 publicae

276 4179 479 4260 vectigalibus
496 4180 610 4243 exactis
626 4179 811 4261 casibusque
827 4179 966 4243 conflatis
982 4179 1128 4242 iniuriam
1143 4178 1307 4252 intulisset,
1329 4177 1382 4242 sed
1399 4177 1494 4241 etiam

279 4285 443 4368 pecuniam
457 4288 488 4350 et
503 4304 624 4350 sacram
641 4288 672 4350 et
687 4285 843 4368 publicam
858 4285 1035 4350 retinuisset
1056 4301 1155 4365 neque
1170 4283 1361 4360 reddidisset,
1378 4301 1409 4347 se
1422 4301 1496 4347 cum
