3232 4890
734 265 775 326 25

126 493 227 537 mum
250 477 359 538 souma
381 475 464 556 leges
487 475 600 548 latam,
635 475 743 540 deinde
773 476 893 556 legibus
925 475 1123 550 eunomiam,
1159 475 1291 557 denique
1322 477 1367 540 rei

129 580 280 662 publioae
303 581 427 644 noxiam
451 599 517 644 esse
541 581 559 661 ξ
585 582 646 644 108
670 581 812 662 legimus,
837 599 1028 663 quamquam
1052 581 1223 646 seeundum
1247 585 1278 644 et
1300 585 1363 646 ter·

126 687 217 750 tium
239 686 259 767 fi
285 687 326 749 19
351 683 481 770 πρῶτον
502 681 562 766 μὲν
585 670 638 750 οὖν
661 675 742 771 ὅπερ
766 675 898 773 ἠδίκησε
920 683 1066 771 πρῶτον,
1098 675 1184 750 τοῦτ’
1209 683 1289 771 ἐρῶ,
1321 676 1367 763 ὡς

133 781 229 876 παρὰ
252 781 382 868 πάντας
403 784 479 868 τοὺς
502 782 618 872 νόμους
643 788 843 874 ἐνομοθέτει,
869 783 941 856 εἶτα
963 789 1027 856 τῶν
1049 779 1154 856 όλλονν
1170 787 1241 880 ἑξῆς
1260 781 1309 855 ὅτι
1326 780 1366 855 dv

136 893 349 978 βουλομένοις
378 887 453 978 ὑμῖν
480 885 608 962 όκοόειν
633 883 652 984 ᾗ
680 900 864 963 nominatim
894 919 956 963 nou
985 903 1253 964 commemoratur.
1300 899 1362 964 Sed

140 1005 198 1068 hoo
218 1005 323 1086 ipsum
347 1024 425 1086 opus
448 1024 509 1069 non
532 1009 588 1080 est
613 1005 666 1068 sed
690 1007 765 1070 satis
789 1009 837 1068 est
859 1006 983 1082 oratori,
1018 1006 1158 1088 quotiens
1181 1005 1221 1068 ad
1251 1024 1365 1069 novam

139 1113 262 1191 partem
284 1112 408 1186 transit,
433 1129 494 1194 qua
517 1111 554 1176 de
577 1131 610 1175 re
633 1112 696 1174 iam
719 1111 859 1176 dioturus
883 1112 923 1176 sit
947 1112 1058 1175 diserte
1081 1111 1286 1193 pronuntiare.
1320 1110 1366 1174 uf.

133 1217 157 1297 ἓ
182 1219 225 1279 32
256 1202 339 1278 ἀλλὰ
368 1213 425 1279 καὶ
454 1203 526 1280 κατ’
557 1212 669 1294 ἐκεῖνο,
702 1203 752 1278 ότι
782 1213 886 1279 πᾶσιν
916 1211 1057 1280 ἐναντίον
1089 1207 1263 1302 εἰσενήνοχε
1296 1218 1367 1292 τοῖς

139 1305 213 1384 οὖσι
236 1312 356 1402 νόμοις,
381 1308 497 1385 αὐτίκα
520 1312 559 1408 δὴ
580 1309 656 1403 μόλ’
680 1311 823 1407 ἀκριβῶς
845 1313 1052 1408 μαθήσεσθε,
1084 1324 1103 1404 ξ
1127 1324 1169 1386 68
1194 1311 1238 1398 ὦς
1259 1315 1367 1385 τοίνυν

137 1413 208 1490 οὐδ’
231 1417 419 1514 ἐπιτήδειον
440 1417 536 1508 νόμον
558 1417 632 1509 ’ὑμῖν
656 1415 729 1492 odda*
754 1415 945 1515 συμφέροντ’
970 1419 1171 1514 εἰσενήνοχεν,
1195 1414 1280 1490 τοῦτ’
1304 1413 1364 1514 ἤδη

141 1524 349 1617 πειράσομαι
371 1530 436 1596 νυνὶ
460 1524 627 1598 dotavimus.

246 1639 365 1704 Deinde
382 1639 522 1704 Blassius
540 1642 578 1722 ἐξ
596 1641 768 1704 110-154
786 1644 907 1723 propter
923 1641 961 1722 ἐξ
975 1643 1034 1704 121
1054 1644 1084 1706 et
1102 1641 1174 1715 131,
1198 1645 1363 1722 postquam

138 1747 235 1827 legati
257 1765 313 1828 pro
335 1747 448 1828 praeda
468 1748 632 1830 peouniam
655 1747 814 1822 solverint,
848 1766 909 1810 non
933 1749 996 1810 iam
1026 1751 1098 1829 apta
1124 1747 1217 1810 luisse
1240 1750 1367 1810 eonten-

141 1852 194 1916 dit
250 1851 313 1916 Sed
343 1853 406 1916 sive
435 1853 589 1916 solverunt
618 1854 680 1916 sire
709 1873 771 1916 non
795 1854 966 1928 solverunt,
996 1853 1110 1935 pariter
1133 1854 1225 1934 §121
1251 1853 1365 1916 oratori

142 1959 254 2024 licebat
277 1957 379 2022 dioere
402 1958 511 2039 legatis
536 1959 730 2023 insolentiam
753 1978 772 2022 a
795 1959 851 2022 dea
874 1959 941 2041 ipsa
962 1959 1110 2022 iniectam
1133 1977 1217 2032 esse,
1247 1961 1283 2021 ut
1310 1962 1367 2022 aut

138 2063 306 2146 pecuniam
336 2063 557 2146 deoemplioem
594 2065 760 2146 ponderent
797 2067 853 2128 aut
890 2066 922 2128 in
956 2083 1109 2129 oaroerem
1146 2065 1365 2128 conicerentur.

148 2169 317 2252 Aptissima
340 2189 410 2234 sero
434 2174 521 2234 erant
537 2171 612 2234 haeo
636 2171 745 2242 rerba,
780 2171 805 2234 si
835 2171 929 2252 legati
952 2171 1054 2253 ipsum
1077 2169 1207 2252 praedae
1231 2170 1367 2252 pretium

144 2275 176 2338 in
199 2275 355 2339 aerarium
377 2277 576 2350 rettuleraut;
611 2295 686 2340 nam
716 2278 849 2340 multam
874 2277 911 2340 iis
934 2277 1052 2340 remitti
1075 2279 1268 2340 accusatores
1291 2294 1368 2339 nerr-

138 2383 262 2464 tiquam
286 2382 436 2445 volebant.

250 2487 360 2569 Neque
383 2488 448 2552 iure
471 2506 524 2570 pro
548 2487 685 2553 eiusdem
708 2489 751 2551 rei
774 2489 949 2552 testimonio
972 2489 990 2569 ξ
1016 2487 1080 2551 131
1103 2487 1236 2552 affertur.
1282 2486 1365 2551 Saue

140 2595 169 2660 si
199 2594 405 2658 demonstrari
435 2597 538 2675 posset
568 2595 684 2675 legatos
707 2594 790 2658 faota
814 2595 962 2658 solutione
985 2595 1104 2674 legibus
1127 2594 1249 2656 omnino
1277 2594 1368 2656 satis-

138 2701 261 2776 feoisse‚
285 2699 485 2764 concederem
508 2701 592 2763 huno
615 2702 718 2764 locum
740 2701 845 2764 minus
869 2704 977 2782 aptum
1000 2719 1076 2774 esse,
1105 2699 1159 2763 sed
1182 2719 1254 2762 oum
1277 2701 1367 2764 aliter

138 2827 190 2872 res
213 2826 247 2870 se
270 2807 387 2869 habeat
409 2810 440 2870 et
462 2806 507 2869 illi
531 2823 567 2870 ex
589 2806 710 2885 legibus
733 2807 867 2869 multam
883 2805 983 2869 adhue
999 2806 1140 2881 debeant,
1163 2809 1245 2869 reete
1264 2809 1366 2869 orator

139 2913 327 2978 adhortatur
349 2911 465 2976 iudices
488 2915 524 2975 ut
548 2912 719 2975 seeundum
742 2913 825 2991 leges
849 2931 899 2975 eos
922 2913 1062 2994 puniant.

249 3018 310 3081 His
333 3018 429 3098 igitur
459 3018 533 3081 loeis
564 3018 677 3081 Blassii
708 3019 860 3082 sententia
890 3037 951 3080 non
980 3017 1203 3099 comprobatur.
1257 3016 1366 3098 Neque

137 3125 244 3188 ullum
267 3129 362 3206 eaput
385 3127 457 3188 ante
479 3124 661 3188 solutionem
683 3123 799 3188 laetam
829 3124 1033 3206 oompositum
1064 3141 1130 3187 esse
1160 3123 1366 3187 demonstrari

139 3235 254 3313 potest.
301 3231 321 3312 ξ
345 3231 407 3294 120
432 3230 556 3312 quidem
579 3230 671 3293 verba
697 3229 829 3293 oonioiat
852 3229 960 3310 aliquis
984 3231 1105 3311 propter
1128 3215 1219 3291 αὐτοὶ
1243 3223 1368 3308 ἔχοντες

140 3338 260 3419 scripta
283 3355 360 3411 esse,
382 3338 564 3419 priusquam
588 3336 680 3416 legati
703 3336 874 3399 solvissent.
920 3334 981 3399 Sed
1003 3336 1095 3398 verba
1124 3333 1180 3397 καὶ
1208 3321 1278 3397 dori
1308 3330 1366 3396 roi

136 3430 327 3506 ἀποδοῦναι
350 3428 441 3504 αὐτοὶ
466 3436 590 3521 ἔχοντες
611 3442 690 3504 mihi
712 3444 818 3523 postea
840 3441 985 3505 videntur
1015 3441 1119 3504 addita
1150 3459 1225 3505 esse.
1282 3440 1366 3503 Nam

141 3567 206 3612 non
228 3551 329 3629 magis
352 3551 421 3630 post
443 3537 650 3633 σεσυληκότες
673 3565 709 3612 ea
732 3547 804 3610 addi
824 3547 899 3610 utile
915 3551 963 3611 est
978 3565 1072 3628 quam
1087 3550 1156 3628 post
1172 3536 1367 3632 κεκλοηότες

137 3659 175 3720 et
198 3655 304 3718 addita
327 3655 508 3718 oonoinnam
531 3655 742 3718 membrorum
766 3653 1019 3735 aequabilitatem
1035 3653 1172 3726 turbant,
1196 3671 1268 3716 oum
1284 3653 1366 3734 quod

140 3763 181 3825 iis
203 3760 390 3842 respondeat
411 3764 480 3842 post
502 3750 697 3847 κεκλοφότες
719 3759 917 3823 desideretur.
968 3757 1089 3822 Oonioio
1112 3759 1208 3838 igitur
1230 3759 1365 3839 aliquem

139 3867 185 3930 ad
206 3866 471 3949 interpretandam
493 3867 557 3930 vim
585 3867 710 3949 perfeoti
740 3855 949 3950 σεσυληκότες
977 3865 1009 3928 in
1038 3865 1177 3946 margine
1207 3863 1365 3945 scripsisse

140 3960 214 4036 ἀντὶ
236 3970 295 4036 τοῦ
317 3959 498 4036 ἄποδοὶναι
522 3959 613 4036 αἰτοῖ
637 3967 760 4053 ἔχοντες
782 3975 814 4036 et
841 3973 917 4034 haee
948 3969 1052 4035 addita
1075 3970 1286 4034 coniunctione
1309 3967 1366 4031 καὶ

142 4080 239 4162 ipsius
256 4079 476 4144 Demosthenis
500 4078 600 4142 serbis
624 4080 739 4143 inserta
763 4097 838 4141 esse.
883 4077 943 4141 Sed
967 4075 1136 4159 perfeetum
1159 4065 1367 4160 σεσυληκότες

141 4188 234 4270 paulo
258 4187 349 4252 aliter
372 4189 464 4266 atque
488 4186 538 4249 hio
567 4185 715 4267 interpres
745 4184 840 4247 voluit
869 4184 1021 4264 signifieat
1052 4202 1102 4246 eos
1133 4201 1215 4246 nuno
1244 4200 1365 4263 quoque

140 4295 223 4359 hoio.
237 4293 363 4358 arimini
385 4291 528 4355 obnoxios
553 4310 628 4356 esse.
