3232 4890
720 270 759 331 21

27 466 35 500 '¹‘
119 477 219 557 Quod
246 479 378 543 circuitu
401 481 666 545 11111111111111.
713 481 781 544 Nisi
807 479 890 544 enim
905 481 981 544 haec
997 479 1089 542 verba
1104 475 1144 540 ad
1159 475 1352 540 indemnatos

123 587 324 666 pertineant,
359 605 418 650 non
450 587 540 651 licere
571 589 615 651 ait
645 605 833 668 quemquam
863 586 896 648 in
926 585 1049 648 uincula
1072 583 1207 647 conicere
1230 584 1353 664 praeter

20 679 41 769 ³¹³²]
117 693 194 756 ‘illos
229 711 308 774 quos
338 693 386 756 lex
415 693 481 774 ipsa
512 695 651 757 nominet
667 697 692 768 ¹3
730 711 802 756 eum
832 696 938 756 autem
967 691 1083 754 iudices
1111 690 1191 752 hauc
1218 706 1349 770 poenam

118 799 195 861 aliis
231 817 354 880 quoque
382 800 542 886 imponant
570 803 601 863 et
631 800 750 880 legibus
787 798 973 880 quibusdam
1004 796 1195 877 adscriptum
1226 795 1265 857 sit
1295 783 1351 856 τὸν

19 894 38 933 ³³
124 898 340 982 ἐνδειχθέντα
361 890 381 989 ἢ
404 891 600 986 ἀπαχθέντα
623 895 786 992 δησάντων
817 897 847 966 oi
872 898 985 966 avosca
1013 897 1047 964 ἑν
1068 897 1115 987 τῷ
1138 891 1229 984 ξύλιμ,
1261 901 1350 981 sequi

120 1013 163 1072 ut
185 1010 265 1074 alios
290 1029 412 1092 quoque
435 1011 607 1075 111111111
630 1012 703 1075 dare
718 1012 819 1076 liceat.
866 1009 951 1089 Quae
967 1027 1040 1073 cum
1056 1009 1100 1072 ita
1116 1009 1187 1079 sint,
1203 1025 1349 1089 apparere

119 1115 338 1180 Timocratem
355 1116 466 1180 iniuria
482 1118 582 1197 legem
597 1118 683 1180 illam
696 1117 811 1191 afferre,
834 1119 870 1180 ut
886 1135 918 1180 se
934 1118 1066 1180 excuset.
1095 1113 1213 1193 Quibus
1230 1113 1350 1176 Dahm-

19 1217 33 1264 1
117 1222 192 1285 sius
216 1223 293 1286 haec
316 1223 453 1304 opponit:
485 1211 652 1302 ‘Quorsum
678 1227 797 1306 spectat
819 1223 919 1286 omnis
942 1223 1019 1286 haec
1042 1219 1262 1284 demonstratio
1286 1238 1348 1300 qua

119 1327 257 1390 «docetur
279 1329 431 1392 iudicibus
454 1330 544 1392 licere
561 1330 696 1410 aliquem
720 1329 876 1393 custodiae
892 1327 1021 1402 tradere,
1044 1327 1104 1390 nisi
1119 1325 1159 1390 ad
1174 1326 1347 1408 opinionem

123 1434 316 1498 contrariam
339 1435 559 1498 refellendam?
592 1434 794 1500 Adversarius
818 1436 903 1499 enim
925 1434 1053 1515 fingitur
1075 1433 1129 1514 qui
1150 1431 1266 1495 iudices
1288 1432 1347 1495 hae

19 1538 31 1576 1
117 1539 275 1603 facultate
303 1558 406 1604 carere
430 1527 614 1604 contendat'
676 1541 736 1605 Sed
762 1560 798 1604 11
826 1541 863 1604 iis
894 1559 972 1621 quae
1002 1539 1093 1602 modo
1123 1539 1247 1620 exposui
1271 1539 1347 1602 satis

19 1639 28 1681 ³³
124 1644 263 1726 intellegi
290 1649 365 1727 puto
396 1665 456 1734 non
479 1647 665 1710 contrariam
680 1647 724 1710 illi
740 1647 911 1728 opinionem
925 1646 1130 1709 Timocratem
1145 1645 1346 1726 prolaturum.

19 1752 26 1789 1'
121 1751 184 1814 sed
208 1751 302 1816 simili
318 1752 453 1833 quodam
475 1753 611 1816 leuitatis
635 1753 771 1834 exemplo
795 1771 884 1816 suam
906 1753 1006 1832 legem
1030 1754 1248 1815 excusaturum
1271 1769 1347 1828 esse,

20 1858 25 1896 ³
121 1856 158 1918 id
182 1858 262 1938 quod
287 1859 478 1939 apertissime
499 1859 599 1923 verbis
616 1839 643 1944 qi
660 1845 767 1922 ἀκούω
790 1855 918 1940 μέλλειν
939 1853 1180 1943 παραδείγματι
1202 1853 1345 1944 χρῆσθαι

19 1949 25 2002 3·
123 1959 239 2026 τοῦτον
262 1961 320 2025 καὶ
344 1954 459 2050 φήσειν
482 1952 664 2028 ἀκόλουθον
686 1951 773 2050 111ιῇ
795 1961 979 2028 τεθεικέναι
1001 1965 1162 2029 iudicatur.

227 2069 323 2133 Recte
345 2069 463 2134 iudicat
478 2071 648 2134 Dahmsius
672 2071 709 2135 de
733 2071 837 2149 1175.
876 2072 975 2134 Antea
992 2071 1074 2135 euim
1090 2071 1223 2152 loquitur
1243 2075 1346 2134 orator

19 2207 20 2214 1
119 2173 161 2238 de
186 2175 372 2239 Androtione
396 2180 427 2239 et
449 2176 629 2240 Timocrate.
667 2175 777 2258 Itaque
793 2167 914 2240 rotator
935 2177 967 2240 in
988 2177 1087 2240 verbis
1111 2177 1129 2258 ξ
1156 2178 1216 2241 175
1241 2167 1301 2256 ate
1335 2165 1344 2188 '

118 2266 324 2364 ὀργιζόμενοι
348 2279 581 2366 κατεγνωκέναι
596 2272 636 2344 τὰ
653 2273 799 2367 χρήματα
813 2272 934 2345 τούτων
955 2283 1149 2348 referendum
1169 2283 1273 2347 estad
1289 2284 1343 2347 hos

120 2388 212 2450 viros.
255 2386 317 2450 Sed
340 2407 413 2451 cum
435 2389 564 2470 populus
580 2390 742 2470 pecuniam
765 2407 825 2453 non
848 2390 887 2452 11
903 2389 1088 2453 Androtione
1112 2391 1143 2452 et
1161 2389 1344 2464 1111111111,

119 2493 178 2556 sed
196 2512 215 2556 a
230 2494 332 2557 tribus
355 2494 416 2558 illis
439 2494 549 2574 legatis
573 2495 801 2570 abiudicaverit
825 2499 951 2578 apparet
965 2496 1045 2559 hanc
1067 2499 1186 2577 partem
1210 2515 1282 2560 eum
1308 2515 1344 2560 ea

121 2617 202 2679 quae
225 2599 383 2662 antecedit
404 2619 466 2663 non
489 2601 565 2664 satis
589 2602 757 2665 cohaerere.
789 2600 857 2680 Qua
879 2621 961 2664 1111
977 2601 1051 2682 quid
1067 2605 1215 2682 sequatur
1237 2606 1342 2683 postea

115 2705 243 2786 longius
261 2705 423 2787 explicabo.
463 2705 529 2770 Hoc
545 2710 625 2771 certe
641 2711 763 2770 constat
778 2708 879 2772 omnia
896 2726 974 2789 quae
990 2707 1061 2771 inde
1078 2699 1149 2789 111
1167 2709 1340 2772 loo-182

117 2811 269 2892 leguntur
292 2811 509 2876 Demosthenis
532 2832 592 2876 uon
616 2831 682 2877 esse
705 2813 764 2876 hac
787 2814 912 2895 quidem
936 2813 1224 2878 1111111111111.

223 2917 344 2980 Deinde
378 2937 450 2982 oum
485 2918 646 2982 Schaefero
676 2919 845 2982 Dahmsius
883 2937 1034 3000 magnum
1073 2912 1240 2984 discrimen
1273 2940 1340 2984 esse

116 3023 378 3105 1111111111ξὲ
403 3025 589 3087 119-186
613 3027 644 3088 11
666 3025 799 3106 reliquas
828 3045 933 3089 omnes
957 3026 1102 3090 orationis
1124 3029 1237 3108 partes,
1268 3045 1341 3090 cum

114 3130 168 3192 hic
191 3129 349 3211 imprimis
372 3133 479 3194 contra
506 3129 711 3194 Timocratem
741 3134 895 3213 pugnetur
924 3150 1024 3212 neque
1054 3132 1252 3196 Androtionis
1280 3133 1339 3196 uisi

116 3235 253 3299 breviter
279 3238 310 3298 et
338 3236 436 3300 obiter
464 3237 579 3300 mentio
603 3237 665 3310 fiat,
701 3237 763 3300 illic
792 3238 896 3300 omnia
918 3237 1115 3302 Androtionis
1144 3238 1237 3320 plena
1268 3239 1339 3302 sint.

111 3342 321 3406 Sohaeterum
344 3344 532 3406 tamennon
555 3344 638 3406 11111
660 3342 843 3406 iudicavisse
866 3346 959 3408 antea
982 3343 1100 3407 dietum
1121 3347 1177 3408 est.

179 3435 183 3442 ’
224 3447 368 3528 Denique
387 3448 555 3512 Dahmsius
572 3450 742 3530 praeceptis
762 3449 838 3512 artis
858 3449 1027 3513 rhetoricae
1044 3451 1230 3514 sententiam
1247 3470 1338 3514 suam

112 3555 301 3618 confirmare
325 3553 438 3618 studet.
486 3552 565 3617 Cum
588 3556 673 3618 enim
695 3555 733 3636 ἓξ
759 3556 943 3619 llo—186
967 3559 1068 3619 certae
1091 3557 1235 3620 orationis
1258 3559 1338 3639 parti

112 3661 246 3725 attribui
262 3678 323 3723 non
340 3659 465 3741 possint,
488 3677 540 3724 111
564 3679 582 3723 1
604 3659 810 3725 Demosthene
834 3661 951 3726 alienas
972 3662 1116 3726 declarat.
1159 3651 1253 3726 ‘Nam
1276 3663 1341 3728 fru-

112 3771 188 3842 stra,
204 3767 317 3848 inquit,
341 3765 522 3830 laborabant
535 3767 716 3830 scholiastae
732 3767 782 3830 cui
797 3767 941 3830 orationis
956 3769 1037 3850 parti
1053 3787 1104 3832 eas
1121 3768 1339 3844 adscriberent,

108 3872 294 3954 frustraque
317 3875 353 3935 tu
377 3890 496 3953 quoque
518 3871 550 3936 11
573 3873 730 3936 rhetorum
752 3873 838 3936 libris
861 3875 1090 3956 circumspicias
1122 3875 1203 3956 quod
1225 3893 1336 3940 nomen

107 3979 142 4042 ei
165 3963 308 4042 tribuas'
366 3975 426 4040 Sed
449 3981 610 4060 praecepta
633 3979 709 4042 artis
732 3979 914 4055 rhetoricae,
944 3998 1136 4062 quamquam
1159 3981 1275 4046 scimus
1299 4001 1335 4046 ea

217 4229 230 4257 '¹
249 4217 322 4288 πλὴν
348 4219 396 4273 ἐάν
418 4243 458 4277 τις
483 4227 526 4275 ἐπὶ
551 4221 684 4292 προδοσίᾳ
704 4223 752 4289 τῆς
776 4221 876 4280 πόλεως
901 4220 918 4292 ἢ
944 4231 988 4278 ἐπὶ
1013 4224 1155 4279 καταλύσει
1179 4226 1227 4278 eoi
1251 4224 1337 4296 δήμου

103 4307 213 4365 ,accarim
232 4305 290 4376 ἁλῷ
308 4305 325 4375 ἢ
343 4308 417 4365 τέλος
434 4307 581 4381 πριάμενος
599 4306 616 4376 ἢ
637 4309 835 4382 ἐγγυησάμενος
853 4309 870 4380 ἢ
890 4312 1003 4385 ἐκλέγων
1020 4310 1057 4383 μὴ
1076 4314 1239 4389 καταβάλλῃ.
