3232 4890
705 213 744 276 31

621 303 833 310 ’,κ-...Μηκ-

99 429 199 512 §391
220 465 261 474 -—
282 427 344 492 101
371 428 443 508 post
465 424 503 505 §3
528 425 589 488 102
607 461 646 470 -
668 425 729 488 107
752 443 872 507 ponere.
924 423 1006 488 Nam
1029 424 1067 488 iis
1090 443 1169 506 quae
1193 427 1342 508 leguntur

97 538 135 618 §3
161 536 231 598 102
247 569 287 580 -
303 533 367 596 107
388 530 572 594 Timocratis
596 530 696 610 legem
717 529 953 620 improbandam
976 549 1043 594 esse
1063 531 1239 613 exponitur,
1267 533 1341 615 quic

99 641 255 706 omnibus
272 639 325 720 qui
340 655 465 702 carcere
487 636 612 700 multati
636 636 698 700 sint
720 636 800 700 hauc
822 653 952 718 poenam
975 637 1122 701 remittat.
1161 636 1340 716 Quomodo

101 747 318 812 'dimicantem
348 743 540 808 cumsionem
570 742 710 806 omnium
740 760 844 806 rerum
875 741 993 806 efficere
1025 746 1169 824 apparet,
1210 744 1248 809 de
1278 764 1340 826 qua

110 853 183 918 inde
199 871 218 916 a
236 851 254 933 3
270 852 311 914 91
330 849 599 912 demonstraturus
616 851 663 912 est
684 835 735 909 dn
753 841 857 910 τοίιιτ
873 833 946 932 ὅλην
961 849 1070 931 συγχεῖ
1091 838 1147 934 τὴν
1170 844 1341 913 πολιτείαν

114 956 168 1020 καὶ
189 945 348 1020 καταλύει
369 943 477 1016 πάντα
502 943 543 1016 τὰ
569 939 744 1038 πράγμαθ’
762 941 780 1014 ὃ
802 942 900 1033 νόμος
921 949 978 1016 καὶ
1001 943 1127 1029 πολλὰς
1148 950 1342 1041 φιλοτιμίας

110 1063 337 1147 περιαιρεῖται
351 1056 405 1145 τῆς
419 1049 563 1137 addaces,
587 1055 643 1120 καὶ
662 1055 757 1122 τοῦτο
780 1053 902 1144 ῥᾳδίως
922 1047 1005 1139 ὑμᾶς
1027 1054 1147 1140 νομίζω
1168 1051 1340 1147 μαθήσεσ-

111 1174 189 1232 aar.
235 1167 269 1232 Si
294 1185 361 1230 uero
380 1165 480 1230 Viozei
503 1164 789 1246 transpositionibus
812 1165 1033 1228 assentiremur
1055 1168 1087 1229 et
1108 1167 1340 1247 33102-107

113 1277 191 1338 ante
221 1275 261 1355 33
285 1272 445 1336 91-101
478 1271 582 1335 locum
610 1271 834 1344 tribueremus,
868 1273 970 1334 orator
1004 1290 1041 1335 ea
1075 1289 1153 1353 quae
1184 1273 1203 1354 3
1234 1274 1274 1336 91
1308 1293 1341 1338 se

119 1383 311 1444 ostentorum
335 1396 403 1442 esse
424 1379 645 1442 commemorat
669 1394 785 1457 magna
808 1395 844 1440 cx
866 1379 953 1458 parte
975 1376 1039 1440 iam
1063 1378 1217 1460 superiore
1240 1380 1341 1461 capite

123 1483 401 1550 demonstravisset.

222 1590 272 1654 Dt
294 1589 334 1653 ad
356 1589 492 1670 reliquas
509 1587 610 1652 Viezei
624 1587 804 1652 offensiones
819 1591 1024 1664 transeamus,
1040 1588 1079 1654 de
1093 1593 1179 1671 parte
1194 1591 1340 1656 orationis

115 1699 256 1778 quaeest
271 1695 343 1760 inde
355 1713 375 1759 a
387 1695 426 1776 §3
441 1694 614 1758 110-143
627 1692 758 1758 eandem
770 1694 957 1758 sententiam
971 1691 1066 1758 habet
1081 1714 1176 1777 quam
1189 1695 1340 1764 Blassius.

121 1803 242 1885 Pugnat
263 1803 369 1866 autem
399 1817 506 1864 secum
535 1819 564 1882 p.
593 1799 636 1864 44
667 1797 853 1864 contendens
882 1817 952 1864 earn
985 1801 1017 1864 iu
1046 1801 1146 1882 prima
1177 1783 1340 1885 scriptione

118 1907 308 1972 refutationis
324 1908 393 1970 loco
408 1906 514 1970 tuisse.
568 1905 653 1970 [icet
676 1905 759 1969 enim
781 1905 858 1970 haec
881 1906 1014 1986 eleganti
1038 1909 1069 1970 et
1091 1908 1186 1989 polita
1208 1909 1340 1973 dictione

114 2014 265 2078 destituta
290 2012 395 2086 fuerit,
419 2015 526 2076 tamen
549 2011 745 2076 cohaerentia
770 2011 995 2074 sententiarum
1018 2030 1121 2076 carere
1137 2033 1198 2077 non
1213 2017 1342 2096 poterat

119 2119 234 2184 Deinde
256 2119 352 2201 3126
375 2104 459 2180 ἀλλὰ
484 2106 693 2193 Μελάνωπος
716 2105 817 2180 δεινὸν
839 2106 875 2202 νὴ
895 2103 951 2180 At'
970 2113 1058 2180 dcciv
1080 2111 1109 2180 ei
1133 2109 1341 2206 δεθήσεσθαι

119 2221 172 2286 ain
192 2217 320 2305 {hatten
341 2223 472 2287 Viezous
495 2226 726 2298 commemorat,
748 2225 785 2286 ut
807 2222 921 2286 Blassii
945 2224 1132 2288 sententiam
1147 2244 1253 2289 veram
1276 2245 1342 2290 esse

116 2331 269 2396 ostendat.
317 2327 437 2408 Quibus
460 2328 561 2394 uerbis
591 2347 716 2410 prorsus
744 2328 867 2392 nullum
894 2329 997 2392 locum
1025 2329 1059 2392 in
1090 2331 1226 2395 oratione
1248 2331 1343 2399 fuisse

119 2439 221 2518 putat,
241 2438 405 2518 postquam
429 2435 525 2516 legati
546 2434 711 2516 pecuniam
734 2435 851 2498 aerario
875 2433 1013 2498 debitam
1034 2436 1245 2517 persolverint.
1282 2437 1343 2502 Sed

124 2541 293 2622 quodiam
316 2541 436 2623 saepius
460 2540 524 2604 dixi
545 2539 622 2604 mihi
645 2539 846 2622 repetendum
870 2543 927 2616 est,
950 2541 1067 2622 legatos
1089 2560 1151 2605 non
1180 2543 1344 2624 pecuniam

118 2647 244 2711 omniuo
273 2646 427 2722 debitam,
461 2645 515 2710 sed
546 2645 680 2728 pretium
710 2647 835 2709 tantum
866 2645 997 2728 praedae
1027 2647 1216 2730 pependisse.
1263 2648 1344 2714 Tum

117 2753 222 2832 agitur
243 2753 303 2817 hoo
326 2752 390 2816 loco
412 2755 521 2816 utrum
543 2751 628 2832 digni
651 2753 714 2814 sint
736 2751 789 2833 qui
811 2752 878 2833 lege
901 2771 920 2816 a
941 2771 1038 2834 poena
1062 2754 1193 2818 carceris
1215 2754 1345 2819 liberen-
1400 2791 1401 2794 =

122 2860 174 2922 tur
192 2877 303 2935 necne,
337 2858 487 2940 quoniam
510 2860 611 2922 orator
635 2857 828 2921 refutaturus
852 2860 901 2922 est
922 2851 1128 2922 Timocratem
1151 2863 1260 2924 contra
1283 2859 1346 2924 dio-

121 2966 228 3028 turum
243 2953 324 3028 ἀλλὰ
343 2949 452 3049 adAd
465 2953 594 3047 αἰσχρὸν
605 2955 686 3038 ἴσως
701 2946 737 3048 ἦν
745 2949 960 3049 Ἀνδροτίωνα
975 2960 1111 3050 δεθῆναι
1126 2950 1146 3050 ἢ
1165 2961 1346 3051 Γλαιιτέτην

124 3054 146 3154 ἢ
167 3060 384 3134 Μελάνωπον.
432 3068 500 3148 Qua
522 3069 555 3132 in
577 3087 610 3133 re
633 3069 829 3133 diiudicanda
852 3070 930 3133 nihil
955 3069 1084 3134 interest
1114 3075 1222 3134 utrum
1249 3072 1343 3153 legati

119 3175 266 3241 solverint
286 3195 396 3242 necue.

223 3283 458 3364 Argarmentum
490 3299 596 3346 eorum
624 3298 703 3362 quae
737 3280 775 3362 33
808 3281 1003 3344 144-154
1035 3285 1207 3364 sequuntur
1238 3282 1346 3348 Viezeo

123 3387 243 3464 grauius
264 3387 392 3454 videtur
415 3405 510 3468 quam
539 3386 619 3468 quod
654 3387 687 3450 in
722 3386 857 3450 oratione
890 3385 1025 3469 perfecta
1059 3388 1166 3452 abesse
1200 3390 1347 3470 potuerit;

124 3490 180 3554 sed
213 3494 282 3573 quia
314 3493 545 3558 Demosthenes
579 3492 753 3574 praevidere
791 3511 853 3556 non
883 3493 1017 3575 potuerit
1049 3493 1255 3558 Timocratem
1289 3495 1346 3559 hoo

118 3595 165 3659 ad
198 3616 229 3662 se
261 3598 488 3664 defendendum
519 3599 712 3680 prolaturum
746 3617 827 3673 esse,
861 3599 951 3662 iilum
982 3603 1051 3681 post
1077 3618 1205 3664 causam
1243 3619 1349 3684 perac-

117 3707 187 3766 tam
233 3709 336 3769 censet
380 3705 461 3768 hanc
504 3708 624 3786 partem
667 3704 849 3768 Timocratis
890 3705 1036 3768 orationis
1078 3706 1197 3770 ratione
1241 3708 1347 3771 habita

121 3809 293 3893 scripsisse,
329 3813 366 3874 ut
400 3814 507 3892 postea
537 3810 665 3874 orationi
699 3811 861 3884 insereret,
893 3810 946 3874 sed
975 3810 1114 3877 nondum
1142 3813 1347 3896 perpolivisse.

121 3917 163 3978 At
193 3917 259 3998 quis
294 3917 400 3981 nescit
430 3918 547 3980 veteres
586 3919 720 3980 oratores
755 3916 788 3979 in
822 3915 1008 3980 elaboranda
1043 3917 1226 3983 refutatione
1263 3938 1349 3984 sunr-

117 4038 204 4086 mam
226 4041 357 4104 operam
382 4022 632 4105 consumpsisse?
681 4022 844 4086 Praeterea
873 4022 1028 4087 nescimus
1058 4042 1134 4088 num
1156 4023 1346 4092 Dinocrates

115 4127 192 4190 talia
213 4147 321 4194 revera
348 4127 468 4192 dixerit.
515 4127 575 4192 Sed
603 4127 666 4192 sive
697 4128 773 4192 dixit
803 4129 866 4192 sive
902 4147 962 4192 non
996 4129 1089 4204 dixit,
1125 4147 1197 4193 eum
1228 4131 1273 4194 ita
1316 4150 1350 4195 se

113 4233 320 4300 defensurum
355 4251 425 4298 esse
455 4234 561 4316 utique
591 4235 816 4299 Demosthenes
849 4234 999 4317 suspicari
1021 4237 1148 4317 poterat.
1204 4234 1351 4300 Ceterum
