3232 4890
444 995 448 998 ·
571 973 921 1069 VITA.

222 1327 339 1426 ¹Natus
377 1382 446 1425 sum
484 1363 684 1426 Antonius
722 1362 952 1427 Guilelmus
989 1365 1169 1428 Kreuser
1206 1363 1351 1429 Coloniae

134 1469 326 1550 Agrippinae
349 1488 375 1532 a.
392 1470 420 1532 d.
443 1469 489 1532 IX
511 1470 583 1532 Kal.
598 1470 677 1532 Nor.
698 1489 725 1532 a
747 1471 777 1532 h.
799 1491 822 1532 s.
845 1471 933 1533 LXII
956 1473 1043 1552 patre
1067 1471 1229 1546 Ioanne,
1252 1475 1351 1535 matre

133 1575 304 1655 Iosepha
327 1595 343 1637 e
365 1579 456 1656 gente
481 1575 754 1652 Dunebacken,
778 1594 854 1656 quos
869 1577 932 1639 iam
949 1577 1002 1639 diu
1018 1581 1117 1639 morte
1138 1577 1215 1640 mihi
1231 1581 1351 1658 ereptos

133 1700 201 1742 esse
217 1681 304 1743 ualde
327 1682 427 1762 luge0.
465 1681 573 1743 Fidem
595 1681 741 1762 profiteor
756 1683 949 1745 cathohoam.
987 1682 1174 1745 Litterarum
1191 1684 1365 1771 elementis·

133 1786 272 1849 imbutus
300 1799 356 1867 per·
376 1807 428 1849 sex
451 1805 547 1850 annos
570 1788 602 1849 in
625 1789 725 1868 patria
748 1789 945 1870 gymnasium
969 1789 1170 1868 frequentavi.
1215 1790 1350 1852 Maturi-

132 1893 208 1955 tatis
231 1894 310 1974 quod
328 1897 438 1956 vocant
461 1894 638 1956 testimonio
658 1894 827 1956 instructus
851 1895 948 1958 mensi
964 1895 1066 1976 Aprili
1089 1913 1116 1957 a.
1132 1895 1161 1957 h.
1178 1915 1201 1957 s.
1218 1895 1350 1958 LXXXI

133 1999 323 2061 academiam
353 2000 471 2079 regiam
495 2000 770 2062 llonasteriensem
798 2001 874 2076 adii,
903 2000 956 2063 uhi
984 2020 1039 2082 per
1069 2001 1231 2082 quinquies
1261 2020 1350 2064 senos

133 2123 253 2167 menses
287 2105 461 2186 theologiae
499 2106 654 2168 studiosus
688 2107 830 2168 docentes
864 2107 968 2169 audivi
1002 2106 1068 2169 VV.
1104 2107 1171 2170 DD.
1205 2107 1349 2184 Bautz,

131 2195 934 2292 Bisp'ingpm,Fecht1·up,Hagemanu,
958 2213 1197 2289 Hartmann,
1221 2213 1348 2276 Nord-

131 2316 234 2392 hoff,
266 2317 300 2378 Β.
329 2315 529 2393 Schaeser,
559 2315 754 2380 Schwane.
803 2318 885 2380 Tum
919 2319 1029 2381 studiis
1063 2319 1257 2400 philologieis
1292 2320 1347 2382 ad·

130 2422 233 2484 dictus
255 2441 309 2502 per
333 2423 445 2503 septies
468 2442 556 2485 senos
579 2442 700 2485 menses
723 2423 835 2486 scholis
858 2423 985 2486 interfui
1009 2424 1074 2487 VV.
1098 2425 1166 2487 DD.
1190 2423 1348 2500 Storck,

1 2531 3 2608 ζ
130 2529 306 2608 Langen,
349 2527 477 2604 Stahl,
518 2529 709 2602 Niehues,
747 2529 945 2606 Wdllner,
984 2530 1123 2594 Jostes.
1184 2528 1349 2594 Seminarii

2 2616 3 2696 l
130 2634 209 2716 regii
238 2634 425 2716 philologici,
454 2635 503 2697 cui
533 2639 679 2714 praesunt
701 2635 861 2715 Langen
889 2639 919 2698 et
942 2634 1071 2712 Stahl,
1102 2655 1156 2716 per
1184 2639 1231 2699 ter
1260 2655 1348 2699 senos

2 2765 3 2772 ¹
129 2759 253 2802 menses
276 2741 389 2804 sodalis
412 2741 583 2822 ordinarius
606 2741 661 2802 fui.
705 2741 867 2804 Praeterea
890 2740 1031 2805 Storck
1055 2743 1093 2805 ad
1117 2743 1348 2805 exercitationes

2 2841 3 2898 i
129 2847 324 2928 germanicas
358 2865 408 2908 me
442 2846 576 2909 admisit.
633 2845 782 2910 Omnibus
815 2848 867 2928 qui
899 2867 949 2910 me
980 2849 1161 2924 docuerunt,
1194 2848 1347 2928 imprimis

2 2977 3 2990 ¹
129 2951 197 3014 VV.
222 2952 289 3014 DD.
312 2950 444 3028 Stahl,
474 2953 651 3035 Langen,
680 2951 837 3028 Storclr,
867 2955 919 3034 qui
955 2954 1069 3034 optime
1099 2955 1135 3015 de
1167 2972 1215 3015 me
1244 2953 1345 3015 menti

128 3062 212 3133 sunt,
239 3059 356 3139 gratias
379 3076 438 3140 ago
461 3076 537 3138 quas
560 3058 654 3121 debeo
676 3059 834 3121 maximas.
