3232 4890
836 257 877 320 30

355 467 403 532 Ad
432 468 450 548 ξ
481 468 543 530 102
574 467 649 532 haee
681 467 808 532 Viezeus
838 469 1070 532 animadvertit:
1108 457 1230 534 ‘Sermo
1261 471 1317 534 hoe
1340 471 1405 534 loon
1429 470 1476 535 ita

246 574 402 638 formatus
433 577 480 639 est
510 574 599 654 quasi
630 574 711 655 quod
739 575 833 638 altero
864 575 929 638 loeo
952 575 1086 656 positum
1110 579 1157 638 est
1188 561 1282 658 (ἀλλὰ
1305 578 1375 652 τοῖς
1398 563 1480 639 ἄδι--

247 675 344 742 aanor
358 669 399 741 τὰ
415 669 508 742 κοινὰ
524 673 660 742 δίδωσιν
681 665 805 764 ἔδειμαν)
829 681 860 744 id
876 699 912 745 ea
928 682 1080 763 partioula
1098 699 1177 762 quae
1193 683 1285 746 modo
1302 683 1472 747 absolvitur

250 787 292 850 sit
315 786 494 868 expositum.
548 785 636 864 Quod
664 805 698 850 re
730 805 801 850 vera
835 806 895 850 uon
923 787 1043 850 foetum
1075 791 1130 851 est.
1182 787 1264 850 Nam
1293 789 1372 851 illud
1403 791 1474 864 τοῖς

244 879 401 955 ἀδικοῦσι
423 881 465 954 τὰ
487 881 580 954 κοινά
593 891 643 974 vad
666 893 703 974 ἐξ
727 893 768 955 88
781 894 871 956 -89
885 895 1036 968 refertur,
1061 893 1114 975 qui
1137 893 1222 958 tonus
1245 898 1317 958 ante
1339 894 1471 977 priorem

245 999 476 1062 conclusionem
492 998 510 1078 ξ
526 999 568 1060 00
585 985 738 1062 traditur.'
777 998 884 1080 Neque
899 999 1051 1063 minorem
1068 999 1283 1064 diffionItatem
1299 1001 1328 1064 ei
1343 1001 1468 1082 praebet

248 1105 331 1187 quod
354 1105 373 1184 ξ
399 1105 461 1166 102
486 1104 582 1168 eade
606 1105 718 1186 quibus
750 1107 842 1168 antea
870 1105 989 1169 dietum
1012 1108 1060 1169 est
1089 1124 1150 1168 non
1182 1107 1272 1170 aliter
1301 1106 1471 1172 afferuntur

247 1215 343 1293 atque
367 1210 398 1273 id
421 1210 504 1292 quod
527 1211 834 1292 oratorenpositurus
852 1215 908 1274 est.
947 1211 1014 1274 Has
1030 1211 1227 1275 difficultates
1244 1212 1349 1276 toliere
1366 1213 1472 1276 studet

247 1317 320 1381 inde
343 1335 362 1380 a
385 1317 403 1396 ξ
428 1317 468 1380 87
493 1317 770 1396 argumentationis
795 1317 897 1398 eapite
927 1317 979 1396 ita,
1001 1317 1145 1381 traieiens
1172 1320 1209 1380 ut
1237 1317 1309 1381 ordo
1339 1317 1390 1382 hio
1413 1319 1470 1382 sit:

244 1423 350 1503 §BL
385 1423 674 1498 90,102-107,
710 1423 871 1498 88-89,
906 1423 1083 1486 91-101.
1160 1421 1220 1487 Sed
1253 1423 1367 1487 iniuria
1396 1424 1470 1488 illud

247 1530 319 1604 τοῖς
346 1514 497 1590 ἀδικοῦσι
531 1517 572 1589 τὰ
605 1517 699 1590 κοινά
724 1527 818 1592 refert
846 1527 885 1591 ad
909 1529 947 1610 ἓξ
964 1529 1103 1592 88-89,
1156 1527 1354 1610 Quamquam
1386 1519 1471 1594 enim

246 1635 268 1716 ,ξ
300 1635 341 1697 88
381 1634 515 1714 legimus
557 1619 626 1695 ἄλλ’
662 1619 773 1696 iidemu
811 1628 975 1720 πεποίηκε
1014 1623 1171 1720 renai-*rapo
1213 1621 1289 1720 ὅσην
1331 1624 1400 1698 οἷόν
1439 1657 1473 1698 τε

248 1736 406 1824 γενέσθαι
440 1733 609 1825 πλείστην,
645 1743 749 1804 tamen
780 1739 839 1804 hoo
866 1741 930 1804 loeo
961 1741 1063 1820 legem
1092 1743 1194 1804 orator
1226 1759 1286 1804 non
1314 1745 1473 1824 propterea

250 1847 405 1928 vituperat
428 1845 508 1927 quod
532 1846 675 1909 omnibus
706 1846 758 1926 qui
787 1847 832 1909 rei
863 1846 1001 1928 publicae
1029 1846 1175 1910 iniuriam
1205 1847 1339 1911 inierant
1367 1849 1472 1930 prosit,

248 1952 304 2016 sed
346 1951 427 2033 qnod
463 1951 650 2015 Timocrates
692 1952 829 2016 omiserit
869 1971 967 2033 neque
1010 1971 1107 2034 poena
1127 1987 1128 1992 κ
1146 1951 1281 2016 affeoerit
1322 1973 1373 2018 eos
1419 1955 1472 2036 qui

245 2057 342 2122 vades
366 2058 490 2120 omniuo
513 2075 573 2121 non
603 2057 721 2122 darent.
783 2056 869 2136 Quae
897 2076 969 2140 pars
1000 2075 1073 2121 oum
1103 2057 1141 2120 iis
1173 2077 1253 2139 qnae
1284 2059 1472 2124 anteoedunt

246 2168 319 2246 apte
344 2164 514 2227 eohaeret.¹
541 2163 647 2228 Refert
667 2163 757 2240 enim,
780 2167 817 2226 ut
839 2183 856 2228 e
872 2163 1068 2246 dispositione
1083 2163 1252 2246 praemissa
1268 2165 1471 2246 oognosoitm,

242 2271 286 2352 ἐξ
315 2271 456 2334 79-90
480 2269 692 2334 demonstrare
723 2270 823 2350 legem
852 2288 962 2351 pamm
992 2270 1151 2352 perspioue
1182 2275 1364 2352 ooneeptam
1394 2291 1471 2348 esse,

247 2381 285 2440 ut
307 2375 484 2439 hominibus
508 2375 644 2439 seelestis
676 2378 844 2439 suoourrat.
898 2374 965 2454 Quo
993 2375 1189 2440 referendum
1216 2377 1318 2440 estid
1349 2397 1471 2459 qnoque

248 2482 332 2564 quod
354 2483 392 2562 ἐξ
417 2483 561 2545 88-80
585 2483 818 2564 reprehenditur
839 2482 870 2545 in
893 2482 947 2544 ilia
969 2483 1157 2546 mentionem
1186 2502 1246 2547 oon
1273 2483 1340 2547 fieri
1363 2503 1471 2548 eorum

244 2589 303 2670 qui
332 2587 425 2652 vades
454 2607 514 2651 non
543 2587 625 2653 dent.
682 2586 792 2670 Itaque
825 2588 898 2652 huie
932 2588 1014 2670 parti
1048 2588 1129 2652 alius
1164 2589 1250 2652 loeus
1286 2589 1471 2654 tribuendus

251 2714 311 2758 uon
335 2697 391 2758 est.

356 2800 451 2864 Reate
469 2801 575 2863 autem
591 2799 719 2863 Viezeus
742 2801 761 2881 ᾖ
780 2801 841 2863 102
858 2802 1010 2863 oratorem
1025 2819 1087 2863 uon
1103 2799 1295 2880 distinguere
1318 2803 1472 2882 perspexit

243 2908 331 2970 inter
352 2909 455 2988 partes
478 2907 629 2968 tractatas
653 2907 684 2968 et
706 2905 895 2970 tractandas.
941 2905 1009 2968 Iam
1032 2905 1188 2982 Demens,
1219 2925 1313 2988 quem
1335 2906 1470 2972 Weilius

246 3013 280 3076 in
304 3011 603 3076 editioneorationis
628 3013 753 3075 seoutus
783 3014 839 3086 est,
868 3011 961 3074 verba
992 2997 1074 3072 ἀλλὰ
1097 3005 1155 3072 καί
1176 3012 1281 3094 posuit
1303 3015 1376 3076 ante
1399 3015 1472 3089 τοῖς

243 3108 440 3203 ειακοέργοις
462 3113 518 3179 καὶ
540 3118 612 3192 τοῖς
626 3111 849 3202 πατραλοίαις.
896 3119 1034 3200 Apparet
1048 3117 1129 3180 hane
1145 3118 1352 3182 eonieoturam
1367 3120 1471 3182 multo

248 3225 395 3289 leniorem
426 3242 493 3288 esse
524 3241 618 3304 quam
647 3223 749 3287 Viezei
778 3223 1044 3306 transpositiones.
1090 3223 1278 3288 ‘Verisimile
1310 3223 1393 3288 enim
1423 3229 1472 3290 est

246 3331 343 3395 verba
365 3315 446 3392 ἀλλὰ
477 3322 575 3391 unia
605 3328 729 3392 librario
759 3329 896 3410 primum
926 3329 1040 3392 omissa
1068 3329 1101 3393 iu
1131 3329 1270 3410 margine
1302 3330 1409 3394 addita
1441 3336 1475 3396 et

245 3440 357 3519 postea
380 3436 419 3499 ab
442 3436 501 3498 alio
525 3435 557 3498 iu
581 3435 735 3516 seriptoris
758 3436 851 3499 verba
873 3436 988 3500 inserta
1023 3455 1098 3512 esse,
1130 3435 1184 3499 sed
1217 3455 1278 3500 non
1302 3439 1373 3518 apto
1397 3437 1471 3502 looo.

250 3543 379 3606 Initium
403 3544 509 3606 autem
537 3542 555 3622 ᾗ
581 3542 642 3604 102
668 3527 830 3604 οὖτοίναν
851 3531 949 3622 μόνον
979 3531 1021 3604 τὰ
1044 3527 1225 3627 δικαστήρι’
1254 3527 1357 3627 ἄκυρα
1378 3546 1474 3606 ποιεῖ

249 3645 315 3711 τῶν
336 3636 621 3733 προστιμημάτων,
645 3648 716 3722 τοῖς
737 3633 887 3710 &deterior
917 3636 957 3710 τὰ
980 3636 1074 3710 κοινὰ
1096 3640 1232 3709 δίδωσιν
1254 3633 1380 3724 ἄδειαν,
1412 3638 1474 3724 τὰς

249 3743 334 3839 ὑπὲρ
363 3749 420 3839 τῆς
449 3742 578 3828 πόλεως
604 3747 773 3835 στρατείας
801 3747 997 3834 λυμαίνεται,
1034 3741 1091 3837 τὴν
1121 3747 1282 3838 διοίκησιν
1318 3743 1471 3816 καταλύει

251 3862 373 3942 spectat
395 3858 435 3922 ad
458 3876 494 3922 ea
517 3877 596 3939 quae
620 3857 658 3940 ἐξ
674 3859 713 3922 91
727 3859 839 3922 -101
866 3859 1028 3940 explanata
1045 3861 1127 3933 sunt,
1149 3859 1205 3922 ubi
1220 3862 1322 3922 orator
1336 3859 1475 3924 ostendit

246 3967 459 4030 Timocratem
483 3964 615 4046 eoquod
638 3967 823 4047 potestatem
846 3965 982 4028 iudioum
1005 3965 1173 4028 imminuat
1196 3968 1228 4028 et
1249 3965 1471 4047 impunitatem

173 4117 177 4125 x
251 4073 397 4155 praebeat
413 4071 451 4134 iis
467 4071 520 4152 qui
538 4065 661 4149 ἒὲιοντες
675 4059 716 4132 τὰ
727 4056 769 4133 o'
787 4061 855 4154 ἱερὰ
878 4068 934 4132 καὶ
956 4061 997 4133 τὰ
1018 4058 1093 4132 ὅσια
1107 4060 1253 4156 χρήματα
1269 4071 1313 4134 rei
1328 4071 1473 4153 publicae

248 4179 405 4242 damnum
429 4177 564 4241 inferant
586 4177 744 4260 prohibere
776 4177 940 4258 quominus
970 4177 1047 4240 heeo
1072 4176 1155 4240 domi
1177 4176 1366 4258 militiaeque
1389 4181 1472 4242 reete

247 4284 494 4349 administretur.
519 4283 646 4348 Aeoedit
662 4283 743 4366 quod
760 4283 983 4347 sententiarum
1000 4300 1115 4346 eonexu
1127 4285 1268 4346 vetamur
1280 4301 1351 4346 eum
1363 4281 1474 4362 Viezeo
