3232 4890
871 235 912 296 20

389 445 496 528 Neque
519 446 655 510 multum
678 446 760 510 valet
791 446 874 530 quod
906 447 924 527 ἓ
949 447 1011 508 130
1042 445 1155 526 legitur
1184 441 1247 507 τῶν
1279 441 1423 507 δεκατῶν
1446 442 1520 506 τῶν

287 551 345 638 τῆς·
367 549 456 630 θεοῦ,
481 554 535 616 ubi
557 571 619 616 non
642 553 679 616 de
702 553 775 635 ipsis
799 553 925 616 decimis
941 552 1089 634 partibus,
1114 551 1167 616 sed
1191 551 1229 615 de
1258 551 1295 615 iis
1317 551 1350 614 in
1372 551 1511 614 multam

286 660 516 741 decemphcatis
540 678 640 724 sermo
664 664 719 722 est.
782 659 843 724 Sed
866 659 1049 724 laciffimum
1079 662 1127 722 est
1157 657 1194 722 de
1224 657 1339 721 librarii
1368 658 1515 722 socordia.

284 766 428 846 cogitare,
445 766 499 846 qui
513 785 566 847 pro
581 765 682 829 verbis
700 750 720 850 ἢ
735 761 791 850 τῆς
806 759 1031 840 δεκαπλασίας
1046 760 1109 826 τῶν
1125 759 1267 826 δεκατῶν
1278 759 1341 826 τῶν
1356 759 1413 849 τῆς
1426 759 1518 826 θεοῖν

285 872 440 954 scripserit
462 857 481 956 ἢ
504 867 568 933 τῶν
583 867 726 934 δεκατῶν
748 869 815 932 κτλ.
855 870 938 934 Nam
954 869 1034 952 quod
1051 870 1221 934 Dahmsius
1237 869 1396 933 existimat
1418 870 1508 934 hunc

283 995 416 1042 errorem
451 977 573 1041 falsario
611 977 811 1041 tribuendum
845 995 921 1051 esse,
954 995 1015 1040 non
1049 976 1236 1056 intellegitur
1270 995 1325 1040 cur
1354 976 1411 1040 hoc
1440 976 1514 1038 loco

283 1083 437 1158 erraverit,
461 1102 532 1148 cum
555 1087 648 1146 antea
670 1083 778 1163 §lli
806 1102 898 1164 quem
913 1083 1015 1146 locum
1039 1083 1138 1146 eidem
1161 1082 1370 1163 interpolatori
1386 1082 1510 1144 Dahnra

283 1191 348 1255 sius
371 1190 489 1264 tribuit,
519 1193 601 1253 recte
626 1189 797 1270 scripsisset
820 1175 874 1250 ἐπ’
905 1174 1122 1274 ἀποστερήσει
1151 1184 1215 1250 τῶν
1242 1183 1302 1268 μὲν
1325 1177 1425 1250 ὁσίων
1447 1183 1507 1262 εἷς

283 1290 472 1372 διπλασίας,
496 1291 561 1357 τῶν
584 1288 676 1379 ἱερῶν
698 1290 734 1358 δὲ
756 1291 813 1380 τῆς
835 1289 1068 1370 δεκαπλασίας.

389 1401 501 1466 Lenius
523 1402 574 1466 illc
597 1401 713 1464 iudicat
736 1400 772 1464 de
795 1401 833 1482 §S
858 1402 917 1463 131
931 1401 1055 1463 -138.
1103 1399 1217 1464 Scribit
1247 1399 1345 1465 enim:
1383 1387 1510 1480 ‘Neque

281 1507 382 1587 magis
405 1507 561 1571 criminari
586 1508 652 1570 rolo
682 1525 789 1570 eorum
818 1525 896 1588 quae
920 1507 958 1587 §S
983 1507 1169 1569 rel-138
1198 1505 1370 1569 afferuntur
1401 1525 1512 1569 exem-

281 1613 403 1695 plorum
420 1613 577 1694 complura
594 1612 633 1676 ad
649 1613 748 1693 legem
763 1613 988 1677 Timocrateam
1004 1611 1249 1694 impugnandam
1266 1612 1503 1676 accommodata

280 1739 341 1782 non
365 1738 439 1784 esse.
486 1718 568 1782 Nam
592 1719 645 1800 qui
660 1719 810 1793 homines
834 1705 1024 1800 quamquam
1047 1721 1079 1782 et
1101 1718 1218 1782 civitati
1233 1719 1369 1782 multum
1393 1718 1464 1799 proi
1485 1754 1501 1765 -

281 1829 371 1889 erunt
395 1829 426 1889 et
448 1843 597 1906 magnam
620 1825 734 1888 civium
766 1825 1010 1889 benevolentiam
1040 1825 1073 1888 in
1102 1843 1135 1888 se
1164 1823 1371 1898 adsciverunt,
1395 1827 1507 1888 tamen

281 1951 354 1995 cum
377 1929 626 2012 scelus'aliquod
655 1931 844 1994 commisisse
867 1930 1051 2006 siderentur,
1079 1929 1113 1992 in
1136 1931 1257 1994 vincula
1286 1931 1417 1994 coniecti
1445 1931 1511 1994 ibi-

280 2057 339 2119 que
362 2031 565 2120 perlongum
588 2040 710 2118 tempus
742 2037 923 2100 commorati
953 2055 1020 2100 esse
1043 2039 1217 2112 narrantur,
1246 2036 1274 2099 oi
1303 2055 1366 2100 non
1393 2049 1508 2100 omnes

278 2143 346 2207 ideo
367 2137 580 2207 retinebantui·
609 2143 690 2224 quod
724 2143 840 2206 aerario
869 2143 1029 2217 debebant,
1066 2142 1119 2206 sed
1148 2161 1187 2206 ne
1217 2143 1299 2206 olam
1329 2161 1367 2206 ex
1394 2143 1506 2206 Attica

278 2235 481 2330 aufugerent'
528 2247 608 2312 Sane
628 2249 790 2312 fatendum
812 2252 859 2312 ost
880 2249 1019 2330 exempla
1034 2249 1086 2312 illa
1102 2247 1141 2311 ad
1157 2267 1285 2312 oausam
1301 2267 1379 2330 quae
1397 2249 1508 2330 agitur

278 2356 396 2438 aptiora
421 2355 525 2419 lutura
552 2355 660 2430 fuisse,
696 2355 722 2418 si
752 2355 856 2418 omnia
886 2354 925 2418 ad
953 2373 1002 2418 eos
1035 2355 1222 2436 pertinerent
1250 2354 1319 2435 qui,
1349 2355 1431 2436 quod
1454 2357 1497 2419 rei

279 2461 420 2544 publicae
436 2461 593 2536 deberent,
616 2463 649 2524 in
664 2461 787 2525 vincula
803 2461 932 2525 coniecti
948 2463 1059 2535 essent,
1084 2460 1137 2523 sed
1152 2460 1351 2524 nihilominus
1368 2461 1503 2524 minime

277 2568 376 2631 aliena
401 2570 473 2630 sunt
496 2567 535 2629 ab
558 2568 685 2630 oratoris
702 2567 976 2646 argumentatione.
1023 2566 1083 2629 Hic
1099 2566 1182 2630 enim
1197 2566 1398 2642 demonstrat,
1422 2585 1499 2630 oum

277 2677 369 2736 antea
391 2673 453 2736 iam
476 2673 570 2735 multi
591 2673 675 2754 iique
697 2673 838 2736 meliores
861 2672 941 2736 cives
965 2690 1060 2753 quam
1083 2672 1229 2736 Androtio
1253 2675 1283 2735 εδ
1304 2665 1436 2754 collegae
1458 2673 1490 2733 in

275 2797 430 2842 carcerem
453 2779 600 2858 gravioris
618 2779 748 2842 alicuius
764 2778 900 2842 criminis
920 2778 1058 2842 accusati
1074 2778 1203 2842 coniecti
1226 2779 1296 2853 sint,
1320 2797 1358 2842 ne
1379 2777 1496 2840 iudicio

275 2905 307 2949 se
346 2885 573 2960 subtraherent,
614 2903 751 2964 aequum
783 2904 843 2947 non
878 2903 944 2948 esse
978 2883 1210 2959 Androtionem‚
1253 2885 1279 2948 si
1313 2885 1346 2947 in
1379 2883 1497 2948 iudicio

273 2989 440 3054 damnatus
465 2992 514 3066 sit,
538 2991 705 3054 constituta
727 2991 785 3054 hac
808 3009 904 3072 poena
926 2991 1056 3054 liberari.
1154 3032 1157 3036 a

376 3096 518 3162 Severius
558 3097 726 3160 Ilahmsius
765 3097 921 3160 existimat
958 3096 995 3159 de
1033 3099 1120 3178 parte
1157 3115 1235 3176 quae
1274 3099 1321 3160 est
1363 3097 1435 3161 inde
1473 3117 1496 3160 a

275 3202 312 3283 ἐξ
338 3203 448 3266 139-
464 3203 537 3266 144.
593 3202 758 3266 Abiudicat
794 3203 877 3266 enirn
909 3203 966 3266 hoc
997 3204 1091 3284 caput
1121 3202 1378 3277 aDemosthene‚
1410 3205 1493 3285 qnod

273 3309 408 3388 generali
431 3308 566 3390 quadam
590 3308 627 3372 de
642 3312 799 3373 oratorum
820 3308 947 3372 libidine
971 3312 1002 3372 et
1017 3308 1141 3372 arbitrio
1158 3310 1281 3390 querela
1298 3309 1494 3373 terminetur.

274 3413 335 3478 Sed
369 3413 443 3495 quid
471 3413 585 3496 'aptius
621 3417 688 3478 erat
722 3433 817 3494 quam
851 3415 883 3476 in
919 3414 1075 3478 simillima
1110 3433 1204 3478 causa
1240 3433 1364 3478 ornnem
1401 3416 1493 3478 illam

273 3520 476 3602 perniciosam
490 3520 664 3600 in‘legihus
687 3519 820 3584 ferendis
841 3523 997 3584 oratorum
1019 3520 1176 3584 licentiam
1192 3539 1435 3586 commemorare
1460 3527 1495 3587 et

271 3627 422 3708 proposito
453 3625 618 3689 Locrorum
653 3626 788 3707 exemplo
824 3625 982 3690 ostendere
1019 3630 1206 3708 quantopere
1239 3645 1275 3691 ea
1308 3627 1494 3708 castiganda¹

271 3734 353 3795 esset
376 3734 469 3812 atque
493 3731 683 3794 coercenda?
720 3731 883 3795 Praeterea
905 3732 1054 3813 Apsinem
1081 3733 1236 3796 rhetorem
1264 3733 1345 3796 hanc
1367 3737 1493 3816 partem

271 3837 331 3919 ipsi
352 3836 555 3900 Demostheni
578 3837 711 3900 tribuere
735 3855 827 3919 supra
849 3837 993 3901 vidimus.

373 3942 507 4021 Longius
537 3943 587 4006 ille
619 3942 759 4024 disputat
787 3942 824 4006 de
852 3943 889 4023 ἐξ
922 3944 1116 4008 144-154.
1169 3944 1408 4009 Demonstratur
1430 3946 1493 4011 hoc-

271 4049 335 4113 loco
358 4049 473 4112 nulHus
489 4048 639 4112 momenti
663 4067 728 4112 esse
753 4049 833 4130 quod
848 4048 1035 4114 Timocrates
1059 4049 1198 4114 dicturus
1224 4052 1264 4114 sit
1279 4052 1379 4132 legem
1395 4071 1487 4117 suam

270 4155 403 4219 similem
429 4173 495 4218 esse
526 4154 571 4216 illi
600 4155 631 4216 in
661 4172 722 4238 qua
749 4155 898 4238 scriptum
930 4157 970 4220 sit
1000 4142 1073 4219 nidd
1097 4147 1185 4242 δήσω
1209 4155 1284 4236 art,
1315 4177 1387 4220 cum
1410 4157 1492 4224 haec

269 4261 363 4324 verba
395 4259 553 4324 referenda
589 4260 650 4324 sint
684 4261 724 4324 ad
756 4280 805 4326 eos
836 4281 911 4342 quos
944 4261 1060 4327 iudices
1092 4263 1229 4328 nondum
1260 4263 1488 4329 damnaverint.
