3232 4890
749 235 959 332 jc„

248 447 381 511 refutare
405 447 570 521 studuisse,
601 447 677 509 mihi
707 467 768 510 uon
791 447 993 529 persuadetur
1015 447 1253 511 Demosthenem
1282 449 1361 510 hano
1384 448 1432 511 ref
1452 483 1466 494 ·

248 555 396 617 tationem
420 553 452 616 in
476 553 619 616 ultimam
643 553 839 635 scriptionem
862 555 993 635 recipere
1020 555 1160 616 noluisse.

353 661 469 724 Eodem
498 661 588 724 modo
617 679 676 741 quo
708 660 745 722 de
775 660 812 722 iis
844 679 921 740 quae
953 663 1053 722 orator
1075 660 1113 740 ἕξ
1138 661 1319 722 125--138
1344 661 1465 742 exponit

247 767 377 830 Weilius
412 766 449 830 de
484 767 621 849 partibus
655 765 905 830 antecedentibus
945 766 1157 848 (llo-124)
1198 769 1229 829 et
1264 767 1465 846 sequentibus

248 873 448 955 (rec-154)
472 873 597 936 iudicat.
650 872 709 935 Sed
733 891 804 935 oum
835 872 874 935 ad
897 872 1082 936 sententiam
1105 871 1365 952 comprobandam
1389 874 1466 936 nihil

248 980 331 1043 aliud
355 979 463 1044 efferat
485 979 543 1042 nisi
567 997 704 1060 eaquae
728 979 766 1059 ἐξ
784 979 956 1040 110-154
985 977 1116 1058 legimus
1141 997 1290 1042 concursu
1312 979 1464 1042 vocalium

247 1106 306 1150 non
337 1087 432 1149 uitato
461 1104 479 1148 a
507 1085 625 1166 reliqua
655 1085 800 1148 orationis
831 1088 917 1166 parte
950 1085 1129 1166 discrepare,
1162 1085 1189 1148 ei
1221 1104 1280 1148 non
1304 1085 1462 1148 assentior.

246 1192 328 1256 Nam
351 1193 421 1256 inde
445 1192 591 1274 quodibi
614 1193 652 1254 ab
675 1195 792 1254 oratore
816 1191 919 1254 hiatus
943 1190 1070 1253 admissi
1095 1194 1167 1254 sunt
1193 1191 1293 1254 elucet
1316 1193 1347 1254 in
1371 1192 1465 1273 serip-

245 1299 327 1362 tione
349 1299 460 1362 ultima
490 1299 548 1362 hoc
577 1301 670 1379 caput
698 1317 758 1360 non
787 1298 891 1371 fuisse,
923 1297 976 1360 sed
1007 1317 1068 1360 non
1098 1297 1228 1361 eflicitur
1257 1300 1408 1360 oratorem
1432 1298 1462 1360 id

246 1425 282 1468 ex
304 1404 357 1467 illa
380 1405 538 1470 excludere
561 1405 699 1468 voluisse.

351 1510 437 1589 Quod
473 1511 511 1574 ad
547 1530 583 1574 ea
617 1510 729 1572 attinet
762 1529 840 1590 <puae
875 1514 1031 1590 praeterea
1062 1509 1193 1572 Weilius
1227 1509 1345 1590 posuit,
1379 1514 1463 1572 reete

245 1617 369 1697 quidem
400 1617 646 1697 §5183-186
679 1615 926 1678 aDemosthene
955 1615 1119 1689 abiudicat,
1149 1617 1185 1676 ut
1217 1619 1307 1677 antea
1338 1615 1463 1678 demon-

245 1726 378 1786 stratum
410 1725 465 1796 est,
496 1723 593 1802 §175
626 1725 732 1784 autem
762 1740 816 1784 suo
847 1722 910 1784 loco
940 1740 1000 1783 non
1030 1739 1105 1794 esse,
1134 1720 1164 1782 id
1188 1721 1268 1800 quod
1291 1721 1462 1784 Dahmsius

243 1830 362 1910 primus
394 1827 618 1902 animadvertit,
651 1846 709 1890 non
733 1827 886 1891 intellexit.
941 1826 1023 1889 Nam
1045 1816 1166 1888 τούτων
1188 1826 1220 1888 in
1243 1827 1343 1889 uerbis
1366 1847 1462 1888 κατε-

243 1933 397 2018 γνωκέναι
427 1923 468 1996 τὰ
495 1923 642 2018 χρήματα
671 1923 791 1995 codrior
820 1933 925 1996 referri
955 1952 1014 1996 non
1046 1935 1145 2014 potest
1175 1933 1235 1995 nisi
1267 1932 1307 1994 ad
1335 1933 1462 2013 legatos

243 2041 434 2122 quamquam
458 2044 549 2103 antea
571 2059 669 2103 sermo
693 2039 752 2103 fuit
775 2039 811 2102 de
827 2039 1010 2102 Androtione
1027 2043 1058 2102 et
1072 2039 1252 2102 Timocrate.
1299 2038 1463 2102 Praeterea

243 2154 345 2210 orator
366 2147 397 2209 in
422 2147 520 2209 serbis
541 2143 596 2208 καὶ
618 2144 835 2230 μεμνημένοις
858 2125 900 2206 ὧν
923 2130 962 2206 οἷν
985 2139 1122 2219 ἕκαστος
1144 2133 1269 2228 ἁμάρτῃ
1284 2144 1462 2225 pronomine

244 2248 380 2328 ἕκαστος
402 2254 509 2327 utitur,
535 2252 615 2333 quod
638 2270 806 2333 pronomen
829 2251 865 2314 de
890 2251 1008 2313 duobus
1032 2270 1092 2313 non
1108 2251 1230 2314 dieitur.
1272 2249 1308 2312 Iu
1325 2253 1463 2314 extrema

243 2359 366 2440 quidem
401 2359 551 2440 particula
584 2343 666 2419 data
694 2358 802 2437 μισεῖν
835 2353 891 2418 καὶ
920 2342 996 2442 μηδ)
1028 2341 1203 2434 ἀνέχεσθαι
1239 2345 1345 2442 φωνὴν
1378 2346 1461 2440 μήτε

241 2454 355 2527 τούτου
391 2449 465 2550 μήν’
502 2458 622 2526 ἐκείνου
658 2459 793 2525 coruino
831 2459 1112 2542 πεπολιτευμένων
1152 2461 1229 2524 illud
1272 2453 1386 2524 τούτου
1430 2466 1462 2526 et

243 2563 364 2633 ἐκείνου
394 2571 431 2634 ad
461 2571 679 2634 Androtionem
710 2574 741 2633 et
769 2569 973 2632 Timocratem
1005 2571 1130 2649 spectat,
1160 2568 1213 2631 sed
1243 2569 1301 2631 hae
1331 2569 1398 2649 ipsa
1428 2589 1462 2632 re

243 2659 474 2741 demonstratur
497 2677 572 2739 haee
596 2675 801 2758 superioribus
825 2677 945 2754 praeter
967 2693 1070 2737 rerum
1095 2675 1320 2746 cohaerentiam
1341 2674 1463 2738 adnexa

243 2802 317 2846 esse.
365 2782 452 2861 Quod
476 2782 715 2846 aDe-mosthene
738 2781 801 2862 ipso
825 2779 941 2843 factum
966 2799 1032 2843 esse
1055 2799 1114 2842 non
1130 2798 1218 2860 posse
1234 2780 1309 2842 satis
1328 2783 1416 2844 const
1438 2785 1460 2843 t.

244 2887 365 2952 Conicio
399 2888 493 2968 igitur
527 2888 774 2969 interpolatorem
809 2885 965 2966 quendam
999 2886 1080 2948 haue
1114 2885 1298 2966 perticulam
1332 2886 1369 2948 de
1404 2905 1462 2948 suo

242 2993 403 3057 addidisse.
449 2993 557 3074 Neque
581 2993 747 3075 quicquam
770 2992 855 3054 aliud
878 2991 904 3053 ei
931 2991 962 3052 in
985 3009 1079 3053 causa
1102 2990 1222 3054 videtur
1244 2991 1340 3055 tuisse
1364 3010 1461 3072 quam

242 3099 321 3180 quod
351 3101 466 3173 orator,
501 3102 664 3180 postquam
694 3099 731 3178 ἐξ
755 3097 944 3160 rte—174
979 3096 1111 3158 ostendit
1144 3115 1206 3159 uon
1241 3097 1285 3160 rei
1318 3097 1460 3178 publicae

241 3223 335 3268 causa
363 3204 581 3267 Androtionem
610 3207 640 3266 et
668 3203 874 3266 Timocratem
906 3201 1067 3280 vectigalia
1096 3203 1247 3282 exegisse,
1278 3221 1338 3265 non
1367 3202 1461 3265 simili

241 3312 436 3374 conclusione
460 3311 559 3372 ut'tur
582 3312 674 3390 atque
697 3309 734 3389 ἐξ
753 3309 811 3371 171
837 3310 867 3370 et
886 3309 958 3380 182,
983 3306 1035 3370 sed
1059 3308 1166 3370 statim
1190 3308 1229 3370 ad
1252 3308 1314 3370 alia
1336 3309 1458 3372 transit.

348 3417 487 3497 Denique
518 3416 611 3478 verba
640 3415 737 3495 §187
767 3432 911 3476 ererum
935 3415 1079 3476 contextu
1102 3413 1305 3494 discrepantia
1328 3413 1460 3477 Weilius

241 3523 284 3585 sic
314 3521 470 3585 emendari
500 3521 659 3602 putarim:
698 3516 754 3582 καὶ
789 3517 865 3603 περὶ
898 3514 958 3598 μὲν
990 3507 1104 3580 τούτου
1134 3514 1210 3602 <rod
1242 3515 1457 3604 ἐσκεμμένοο>

239 3617 322 3690 κατὰ
353 3617 466 3712 σχολὴν
494 3610 515 3688 ἃ
545 3616 584 3710 δὴ
614 3614 816 3710 Τιμοκράτης
844 3620 896 3686 νῖν
928 3619 991 3708 ἐρεῖ
1022 3613 1130 3685 πολλὰ
1161 3617 1209 3686 ἔτι
1240 3621 1343 3708 λέγειν
1375 3615 1461 3710 πρὸς

239 3723 365 3808 τούτοις
388 3727 467 3812 three
489 3721 670 3812 παύσομαι.
721 3730 832 3810 Negari
858 3748 917 3792 non
940 3731 1040 3810 potest
1062 3729 1120 3792 hec
1143 3731 1354 3795 emendatione
1378 3731 1458 3794 effici

239 3843 275 3902 ut
303 3839 380 3902 illud
409 3825 462 3917 οὐχ
493 3832 557 3914 ἕξει
587 3833 689 3919 λέγειν
719 3855 780 3899 non
804 3835 867 3898 iam
890 3834 929 3898 ad
952 3833 1185 3909 Androtionem,
1216 3837 1269 3899 sed
1292 3837 1333 3900 ad
1355 3837 1460 3901 Timo-

240 3948 356 4008 cratem
379 3945 538 4026 pertineat.
591 3942 798 4005 Nihilominus
830 3943 934 4003 autern
958 3941 1034 4003 haec
1057 3941 1231 4004 coniectura
1253 3943 1460 4024 improbanda

239 4054 294 4124 est,
325 4051 471 4130 quoniam
504 4048 585 4130 quod
609 4051 700 4111 antea
723 4050 822 4110 orator
845 4045 920 4108 dixit
944 4045 1074 4114 Weilius
1098 4066 1159 4110 non
1183 4048 1321 4130 respexit.
1374 4048 1458 4112 Nam

348 4279 356 4308 ¹
376 4275 414 4328 Cf.
433 4274 450 4328 l.
470 4291 492 4328 ο.
513 4292 536 4341 p.
558 4274 609 4326 152
628 4275 654 4325 ot
672 4275 687 4340 ξ
708 4274 757 4328 158
775 4269 910 4326 torci-rore·
928 4267 1019 4343 λόγους
1038 4267 1138 4339 σχολὴν
1157 4267 1257 4344 ἄγοντα
1278 4276 1420 4344 ἐσκέφθαι.
