3232 4890
831 249 850 310 8

229 462 333 521 torum
364 459 526 522 abolitione
558 445 658 522 sermo
681 459 749 523 fuit.
795 461 957 524 Praeterea
991 463 1116 542 apparet
1140 480 1175 524 ex
1198 460 1215 542 ξ
1242 461 1454 542 1941quan-

230 567 300 627 tum
322 565 472 628 momenti
495 565 719 629 Demosthenes
743 567 808 648 ipse
832 567 903 630 huic
925 567 970 629 rei
992 567 1142 642 tribuerit,
1165 567 1209 629 ita
1233 571 1268 630 ut
1291 568 1347 630 hoc
1371 585 1444 648 quc

231 691 289 752 que
313 671 339 734 ei
362 672 395 734 in
419 689 512 747 causa
535 671 630 734 fuisse
653 673 748 754 possit
771 691 826 735 cur
849 692 909 735 non
929 691 989 736 uno
1010 673 1073 735 loco
1097 691 1166 735 eam
1182 677 1443 737 commemoraret.

288 795 290 799 ⁴
335 776 475 858 Denique
498 778 591 840 rerba
611 777 627 859 ξ
650 779 722 854 122,
746 797 824 858 quae
845 779 989 842 Benseler
1012 779 1164 859 vituperat
1187 779 1352 859 respiciens
1370 797 1447 860 quae

230 882 304 963 §60
327 883 482 962 leguntur,
509 883 625 946 iustam
648 883 843 947 offensionem
867 903 926 948 non
949 885 1103 966 praebent.
1149 884 1339 948 Timocrates
1364 885 1446 948 enim
1486 903 1490 912 ’

231 989 331 1068 legem
354 1007 416 1051 uon
439 1007 492 1070 pro
524 990 666 1052 omnibus
690 991 770 1065 tuiit,
795 991 848 1054 sed
870 991 1048 1071 publicanos
1072 991 1209 1054 exclusit.
1257 989 1359 1068 Quam
1382 1009 1448 1054 rem

230 1094 247 1173 ,ξ
274 1094 314 1156 60
339 1095 497 1157 contendit
519 1097 621 1161 orator
644 1115 678 1158 eo
701 1097 805 1158 minus
836 1115 924 1178 posse
948 1097 1085 1159 excusmi
1116 1097 1197 1176 quod
1221 1097 1273 1158 aiii
1307 1097 1447 1160 homines

229 1202 274 1263 rei
295 1200 437 1282 publicae
460 1201 557 1263 multo
581 1202 681 1281 magis
705 1220 800 1281 quam
823 1203 866 1264 ihi
891 1205 1020 1265 noceant
1038 1195 1081 1282 (oi
1099 1192 1309 1286 προδιδόντες
1328 1223 1361 1263 τι
1384 1197 1448 1264 τιόν

230 1302 361 1382 κοινῶν,
388 1299 418 1368 οἱ
442 1295 516 1380 τοὺς
539 1302 650 1388 γονέας
672 1303 842 1382 κακοῦντες
864 1305 944 1388 κτλ).
969 1307 986 1388 ξ
1013 1309 1074 1369 122
1100 1311 1222 1383 autem,
1246 1311 1282 1371 ut
1312 1325 1348 1370 ex
1377 1326 1445 1370 ora-

230 1411 322 1474 tionis
353 1411 549 1492 dispositione
582 1431 674 1493 supra
703 1413 821 1493 prolata
849 1413 1057 1492 cognoscitur,
1091 1414 1176 1476 nulia
1199 1414 1261 1476 alia
1291 1432 1323 1476 re
1353 1431 1449 1493 quam

230 1517 360 1598 pecunia
380 1517 585 1580 Timocratem
609 1518 778 1581 adductum
802 1537 867 1582 esse
896 1519 1125 1581 demonstratur
1147 1523 1183 1582 ut
1206 1520 1325 1598 legatos
1339 1507 1449 1604 ,ὑφαι-

230 1619 399 1706 ρουμένους
420 1613 461 1684 τὰ
483 1619 540 1708 τῆς
562 1613 689 1700 ττόλειος
712 1622 769 1686 καὶ
793 1618 1030 1708 ἱεροσυλοῦντας
1059 1615 1100 1686 τόι
1122 1621 1179 1710 τῆς
1202 1620 1283 1686 θεοῦ
1314 1624 1448 1687 vinculis

229 1730 384 1804 liberaret,
415 1749 486 1792 cum
513 1730 692 1811 publicanos
716 1731 774 1794 hac
796 1749 893 1812 poena
917 1731 997 1793 attici
1020 1731 1119 1794 vellet.
1176 1730 1285 1812 Itaque
1309 1730 1450 1794 eiusdem

230 1836 322 1898 huius
346 1837 392 1899 rei
414 1837 470 1911 bis,
496 1837 549 1899 sed
572 1837 604 1898 in
627 1837 747 1900 diversa
770 1837 1003 1900 ratiocinatione
1027 1837 1141 1900 mentio
1165 1837 1300 1900 inicitur.

337 1941 422 2020 Quae
446 1961 517 2005 cum
540 1943 584 2005 ita
609 1943 685 2018 sint,
709 1945 835 2024 apparet
858 1959 894 2006 ea
923 1961 1001 2023 qnae
1025 1943 1170 2006 Benseler
1194 1943 1230 2006 de
1262 1942 1452 2023 repetitioni-

230 2047 289 2110 bus
312 2049 438 2129 protuiit
461 2048 500 2110 cd
524 2049 556 2110 id
580 2049 661 2129 quod
685 2048 802 2112 efficere
825 2049 920 2111 voluit
944 2068 1003 2111 non
1027 2049 1102 2111 satis
1126 2049 1234 2111 valere.

336 2153 499 2217 Praeterea
530 2154 569 2216 ad
599 2155 785 2217 sententiam
809 2173 897 2217 suam
929 2153 1170 2216 confirmandam
1202 2153 1290 2218 affert
1318 2154 1351 2216 in
1385 2157 1452 2217 tota

232 2259 376 2323 orationis
400 2264 487 2340 parte
511 2279 589 2340 quae
614 2260 788 2323 continetur
810 2259 845 2341 ἓξ
866 2261 1051 2322 110--154
1081 2279 1264 2323 concursum
1296 2260 1451 2323 vocalium
1530 2331 1534 2340 .

230 2367 269 2428 ab
292 2368 409 2429 oratore
432 2385 493 2428 non
516 2373 582 2429 es'se
606 2367 746 2428 vitatum.
794 2365 932 2429 Proiecto
959 2365 1057 2428 iacere
1090 2385 1148 2430 non
1178 2385 1342 2447 possumus
1372 2367 1448 2449 quin

229 2471 435 2535 concedamus
458 2471 547 2534 valde
571 2472 650 2534 hanc
673 2475 793 2554 partem
816 2491 834 2534 a
858 2473 974 2552 reliqua
997 2472 1132 2536 oratione
1156 2473 1213 2534 hoc
1237 2473 1359 2536 nomine
1384 2472 1449 2536 dis-

229 2579 385 2658 οεερκεο.2
443 2581 484 2640 At
516 2579 672 2658 quaeritur
704 2597 779 2640 num
809 2578 919 2640 idcirco
950 2579 1014 2640 tota
1045 2579 1085 2640 sit
1116 2577 1320 2640 abiudicanda
1344 2596 1362 2640 a
1386 2577 1449 2640 De-

232 2685 401 2747 mosthene.
449 2684 593 2747 Benseler
617 2685 699 2746 enim
729 2685 794 2765 ipse
826 2685 953 2748 scribit3
977 2684 1223 2748 Demosthenem
1248 2684 1280 2746 in
1314 2684 1450 2748 oratione

231 2789 385 2862 Midiana,
411 2809 489 2870 quae
513 2809 573 2852 non
598 2791 673 2852 satis
704 2789 917 2872 pertentant,
942 2791 1045 2852 hiatus
1074 2791 1150 2852 item
1179 2793 1299 2870 praeter
1329 2808 1450 2852 morem

230 2915 322 2959 suum
346 2895 517 2958 admisisse.
563 2893 672 2976 Itaque
695 2896 764 2959 inde
788 2896 870 2976 quod
892 2897 1043 2958 vocalium
1068 2915 1234 2958 concursus
1257 2897 1291 2958 in
1314 2896 1372 2958 hac
1396 2895 1449 2958 Ti-

228 3005 401 3065 mocrateae
425 3005 510 3082 parte
533 3021 592 3064 non
617 3006 664 3066 est
687 3002 801 3064 vitatus
826 3003 960 3066 conicere
980 3021 1040 3064 non
1060 3001 1160 3080 magis
1178 3002 1249 3065 iicet
1264 3001 1451 3064 Demosthe-

228 3127 300 3172 nem
324 3108 388 3170 eius
419 3110 576 3170 auctorem
606 3127 667 3170 non
691 3127 757 3172 esse
787 3128 882 3188 quam
905 3108 937 3173 in
966 3108 1121 3179 Midiana,
1154 3108 1213 3170 nisi
1244 3111 1299 3170 aut
1322 3107 1382 3170 alia
1405 3107 1449 3170 ibi

228 3215 422 3277 inveniantur
447 3233 525 3294 quac
551 3215 589 3276 ab
615 3215 743 3276 oratoris
767 3214 986 3277 consuetudine
1017 3214 1115 3276 aliena
1147 3215 1208 3276 sint
1232 3216 1286 3276 aut
1309 3214 1451 3277 testimo-

228 3321 288 3382 niis
311 3323 450 3383 veterum
474 3320 655 3402 scriptorum
687 3321 782 3382 alium
814 3309 968 3400 quendam
999 3321 1073 3382 haec
1104 3320 1309 3400 composuisse
1341 3319 1452 3384 confir·

228 3429 339 3489 metur.
385 3425 485 3488 Immo
516 3426 620 3488 hiatus
651 3426 871 3507 impedimento
902 3445 963 3488 uon
988 3430 1034 3488 est
1066 3425 1140 3506 quin
1165 3425 1350 3488 arbitremur
1378 3443 1452 3488 oon-

336 3665 437 3721 ῙἈλλιλ
462 3665 496 3721 τὰ
519 3675 570 3739 μὲν
592 3669 677 3722 πολλα
696 3667 823 3736 παρήσω,
848 3667 995 3740 κεφάλαιον
1018 3661 1116 3736 δ’όμῖν
1134 3663 1148 3720 ό
1166 3662 1361 3737 4ιινηιιιονεόσεῖ
1388 3669 1449 3738 ἐρῶ.

229 3753 346 3811 σκατεῒτ’
366 3765 395 3809 ἐν
414 3752 499 3810 ἅπασι
525 3765 580 3812 τοῖς
599 3756 683 3830 λόγον,1
701 3754 815 3812 ὁπόσοις
836 3752 869 3808 ἂν
888 3757 948 3829 λέγῃ
971 3761 992 3808 ei
1012 3779 1038 3808 τι
1060 3755 1202 3822 δονήσεται
1221 3757 1344 3808 τοιοῧτον
1363 3760 1451 3808 εἰπεῖν

228 3842 263 3900 δι’
281 3833 311 3898 oi
337 3844 439 3905 διδάξει
459 3840 493 3901 ros
517 3851 575 3898 ἔστι
598 3847 702 3899 δίκαιον
720 3841 768 3898 τόν
786 3848 901 3898 τιθέντα
926 3843 1010 3914 ’νόμον
1034 3839 1119 3897 ταότα
1138 3844 1289 3914 προστάξαι
1313 3852 1374 3915 περὶ
1393 3846 1451 3896 τῶν·

227 3931 457 4004 παρεληλυθότων
468 3942 512 3986 καὶ
525 3933 599 3990 τέλος
612 3931 765 4002 ἐσχηκότων
776 3941 820 3986 καὶ
833 3942 894 4003 περὶ
907 3935 963 3986 τῶν
974 3931 1126 4002 Αιιελλόντιον
1136 3927 1312 4004 pentateuci.
1336 3930 1452 3986 πάντων

227 4017 279 4093 γὰρ
290 4065 295 4074 .
307 4064 311 4073 .
324 4063 346 4074 ,.
366 4023 446 4076 τοῦτο
465 4021 623 4075 δεινότατον
641 4029 684 4073 κατ’
703 4021 820 4091 μάλιστα
840 4020 1000 4094 παράνομον
1018 4029 1174 4094 γέγραπται.

335 4112 401 4166 '²Ci.
421 4112 554 4180 consoler,
574 4113 605 4165 de
625 4112 700 4165 hiatu
718 4112 745 4163 in
764 4112 951 4165 Demosthenis
975 4112 1143 4165 orationibus.
1169 4128 1193 4178 p.
1214 4109 1245 4162 21
1266 4142 1299 4148 -
1319 4110 1351 4162 de
1374 4110 1453 4163 hiatu

223 4200 254 4253 in
274 4200 420 4252 oratoribus
441 4201 542 4254 Atticis.
569 4219 593 4268 p.
613 4203 655 4254 cr.

335 4291 346 4320 ³
364 4288 403 4340 Dc
422 4289 497 4342 hiatu
515 4290 542 4341 in
562 4294 625 4344 orat.
646 4289 725 4342 httic.
745 4306 769 4356 p.
791 4289 849 4342 113.
