3232 4890
661 231 872 328 ,6-

149 441 208 503 riri
240 440 323 504 docti
350 441 528 520 Agesilaum
559 441 806 522 a'Xenophonte
842 440 1035 516 abiudioant‚
1076 441 1130 504 661
1167 440 1242 504 haec
1275 439 1380 521 opinio

149 565 263 628 parum
286 547 384 610 firmis
409 547 510 610 causis
533 547 675 610 nititur.l
1166 543 1173 550 ’

261 669 348 749 Quae
372 689 445 734 cum
466 672 511 756 116
535 672 607 746 sint,
630 671 768 752 repetitio
791 671 858 752 ipsa
881 689 1004 733 omnem
1027 670 1280 751 vituperationem
1301 669 1378 732 effu·

150 777 206 856 git,
223 777 279 840 sed
303 775 515 857 quaerendum
539 780 586 840 est
608 795 686 838 num
709 776 835 856 reliquis
855 776 957 839 causis
978 776 1089 856 quibus
1110 775 1265 838 Benseleri
1284 793 1380 856 argu-

150 883 301 945 mentatio
334 883 443 945 nititur
474 886 574 946 totum
609 883 665 946 hoo
695 885 788 964 caput
826 883 1025 964 (loo-187)
1055 899 1073 944 6
1102 877 1309 946 Demosthene
1342 882 1375 943 in

150 989 323 1052 orationem
346 987 572 1052 Timocrateam
595 1008 656 1051 non
678 989 831 1051 insertum
854 1007 920 1052 esse
944 989 1031 1051 nobis
1054 988 1285 1068 persuadeatur.

259 1115 363 1192 Atque
386 1112 522 1192 primum
546 1112 669 1194 quidem
693 1113 720 1175 ei
745 1111 885 1193 displicet
915 1111 995 1192 quod
1019 1111 1054 1192 §§
1074 1112 1276 1194 176-117,
1310 1112 1376 1174 182

151 1220 296 1281 narretur
319 1236 337 1280 a
360 1217 531 1280 Timocrate
548 1210 767 1281 Androtionem
789 1218 820 1280 in
844 1216 1011 1280 conflandis
1035 1217 1115 1280 vasis
1140 1220 1231 1298 atque
1254 1219 1378 1282 coronis

151 1324 297 1387 adiutum
322 1343 396 1395 6666,
421 1342 493 1386 cum
516 1323 551 1405 ἓξ
578 1324 770 1398 178-181,
797 1323 980 1386 183-186
1005 1323 1042 1387 16
1065 1323 1181 1403 collega
1204 1324 1252 1386 vel
1276 1323 1379 1386 admi-

151 1431 248 1493 nistro
272 1429 468 1492 Androtionis
495 1448 595 1492 sermo
620 1447 679 1492 non
704 1429 752 1504 sit,
777 1429 830 1492 sed
853 1429 955 1492 omnin
979 1429 1018 1492 ad
1047 1429 1129 1492 hune
1152 1447 1250 1492 unum
1272 1431 1378 1492 trans·

150 1536 292 1600 feruntur
314 1554 413 1616 neque
436 1535 543 1617 5201,
566 1535 620 1598 ubi
643 1539 920 1599 commemorentur
950 1535 1064 1598 scelera
1087 1534 1278 1611 Timocratis
1302 1555 1376 1598 corr·

150 1641 297 1705 datorum
320 1661 463 1705 vasorum
487 1644 518 1704 61
541 1659 720 1704 coronarum
744 1641 860 1704 mentio
883 1641 962 1718 fiat.v
983 1639 1043 1704 Sed
1060 1641 1140 1722 quod
1156 1645 1257 1704 orator
1272 1641 1289 1723 ξ
1307 1643 1369 1704 201

151 1767 212 1810 non
231 1747 308 1810 dicit·
322 1747 528 1810 Timocratem
551 1747 584 1810 iu
607 1748 665 1810 hoo
687 1765 814 1810 munere
838 1765 904 1809 rem
927 1765 1016 1809 suam
1041 1747 1171 1822 auxisse,
1195 1747 1271 1809 nihil
1288 1747 1373 1810 aliud

152 1853 332 1917 concludere
354 1853 427 1916 licet
448 1853 508 1916 nisi
532 1853 655 1934 culpam
678 1853 743 1916 eius
767 1853 824 1916 hae
846 1854 880 1916 in
902 1871 934 1916 16
957 1855 1024 1916 1616
1054 1869 1181 1934 parvam
1210 1852 1305 1917 fuisse
1337 1856 1378 1916 ut

151 1978 220 2022 eam
252 1977 493 2023 commemorare
524 1960 581 2022 hoo
612 1959 678 2023 loco
708 1977 815 2040 operae
844 1959 978 2041 pretium
1013 1977 1079 2023 esse
1113 1978 1173 2021 non
1208 1959 1376 2022 videretur.

150 2066 269 2130 Deinde
297 2067 542 2129 consentaneum
565 2065 852 2139 estAudrotionem
880 2065 932 2146 qni
955 2065 1070 2146 primas
1093 2065 1125 2127 in
1148 2064 1201 2127 illa
1218 2083 1250 2129 re
1267 2068 1374 2147 partes

151 2173 221 2253 egit,
245 2172 347 2252 magis
371 2171 404 2234 in
426 2171 565 2234 medinm
589 2171 749 2253 procedere
773 2189 868 2252 quam
891 2172 1048 2251 collegam,

259 2293 467 2358 Offensionem
498 2313 567 2358 vero
601 2296 748 2375 praebent
782 2294 817 2376 ἓξ
842 2295 904 2357 183
921 2331 960 2339 -
976 2295 1053 2369 186,
1089 2295 1142 2358 661
1169 2313 1276 2358 161616
1307 2295 1376 2358 6166

151 2420 281 2466 causam
304 2400 451 2464 Benseler
474 2419 536 2463 non
559 2399 716 2464 intellexit.
761 2403 897 2482 Apparet
928 2401 1010 2464 enim
1034 2399 1050 2482 ξ
1070 2401 1130 2463 182
1162 2403 1313 2464 oratorem
1336 2421 1377 2466 ea

151 2527 229 2590 quae
254 2507 293 2570 do
316 2505 455 2570 conflatis
480 2498 598 2570 coronis
622 2509 652 2570 et
674 2506 756 2570 vasis
780 2506 918 2570 dicturus
938 2509 1003 2570 6161
1022 2506 1375 2588 adfinemperduxisse,

151 2613 360 2676 Nihilominus
376 2611 393 2694 ξ
413 2611 647 2676 1831666616
670 2613 729 2675 hac
751 2631 783 2675 16
806 2612 949 2693 loquitur.
981 2612 1107 2676 Accedit
1122 2612 1201 2694 quod
1218 2614 1376 2676 nescimus

151 2724 257 2783 utrum
282 2718 320 2782 de
336 2718 518 2782 Androtione
542 2737 582 2780 an
605 2717 642 2781 (16
657 2717 829 2781 Timocrate
854 2737 953 2780 sermo
977 2718 1025 2782 sit.
1061 2717 1135 2782 Post
1156 2737 1374 2800 praegressum

152 2826 234 2889 enim
258 2824 373 2888 161166
397 2823 413 2906 ἓ
433 2825 494 2886 182
521 2811 537 2885 ὁ
559 2819 619 2905 μὲν
643 2860 683 2868 -
709 2811 726 2885 ὁ
750 2820 786 2886 δέ
810 2827 1023 2906 exspectamus
1053 2827 1089 2887 nt
1118 2828 1219 2888 orator
1241 2825 1279 2888 de
1302 2829 1377 2888 utro

150 2933 298 3012 loquatur
321 2929 421 2994 61161.
462 2929 701 2994 Demosthenem
716 2930 810 3012 igitur
825 2933 894 3011 post
909 2930 1119 3012 repetitionem
1135 2930 1151 3010 ξ
1171 2931 1232 2993 182
1256 2931 1372 2994 factam

151 3041 244 3119 caput
268 3035 304 3118 ἐξ
323 3036 495 3098 183-1811
520 3054 592 3098 6616
616 3035 866 3099 antecedentibus
889 3054 949 3098 non
973 3035 1048 3100 satis
1073 3037 1235 3100 cohaerens
1263 3037 1377 3100 adiun-

150 3143 231 3207 xisse
255 3141 420 3206 verisimile
443 3160 504 3204 non
528 3144 583 3205 est.
624 3139 733 3222 ltaque
757 3161 793 3205 ex
816 3143 950 3204 oratione
973 3143 1005 3204 in
1028 3141 1246 3206 Androtionem
1265 3143 1375 3206 hahita

151 3248 182 3310 id
198 3248 237 3311 61
254 3248 469 3329 interpolatore
489 3247 520 3309 in
535 3246 759 3310 Timocrateam
775 3247 926 3310 insertum
943 3266 1009 3311 esse
1025 3248 1148 3323 conicio,
1169 3267 1240 3311 cum
1257 3247 1374 3311 videret

151 3343 183 3418 61
204 3355 309 3436 ipsum
333 3352 574 3417 Demosthenem
597 3353 661 3415 ium
687 3371 834 3434 magna-m
864 3356 984 3434 partem
1018 3353 1154 3418 indidem
1188 3353 1376 3436 repetivisse.

259 3495 372 3559 Contra
402 3495 515 3558 nullius
545 3495 693 3558 momenti
723 3498 770 3558 est
801 3495 881 3575 quod
912 3493 929 3576 ᾖ
960 3496 1023 3558 197
1052 3515 1118 3578 sqq.
1155 3498 1254 3558 orator
1289 3514 1373 3559 com·
1449 3478 1451 3481 ⁵

151 3603 302 3666 memorat
326 3600 486 3680 vectigalia
509 3602 615 3664 exacta
638 3619 737 3681 neque
761 3600 848 3664 affert
871 3620 903 3666 se
927 3604 1017 3664 autea
1042 3600 1090 3683 (ξὲ
1110 3602 1308 3685 roo—175)
1335 3603 1376 3666 de

153 3709 265 3771 haere
290 3708 428 3770 locutum
455 3725 530 3770 esse.
578 3704 640 3770 Cur
668 3701 839 3770 enim'hoo
868 3706 979 3770 addere
1009 3706 1164 3772 debebat?
1208 3703 1376 3771 Praeterea

152 3814 209 3878 loci
230 3813 311 3876 inter
343 3832 375 3876 se
407 3816 481 3876 6661
509 3813 628 3876 diversi.
675 3812 757 3874 Nam
787 3815 951 3894 postquam
983 3817 1074 3878 66166
1105 3818 1204 3878 616161
1234 3815 1376 3896 exposuit

152 3919 302 4000 quomodo
325 3919 512 3982 Timocrates
544 3937 575 3982 se
606 3919 752 3998 gessisset
775 3922 896 3982 exactor
918 3919 1133 4000 vectigalium,
1157 3920 1254 4002 §197
1279 3921 1375 4001 expli·

152 4029 202 4090 cat
226 4045 299 4090 enm
322 4045 383 4088 non
406 4025 614 4088 misericordia
637 4023 806 4088 adductum
830 4044 896 4088 6666
919 4028 955 4089 61
977 4027 1076 4106 legem
1101 4045 1190 4090 suam
1213 4025 1313 4090 161161.

258 4275 267 4304 ¹
287 4271 320 4324 ci.
340 4268 799 4338 (166681611166116161611111168.
819 4271 948 4339 Anzeiger
965 4271 1033 4325 XVI
1053 4289 1077 4340 p.
1097 4273 1139 4326 41.
