3232 4890
812 259 854 320 28

226 468 387 552 scriptione
410 472 479 550 post
500 468 594 532 verbe
618 454 759 555 ὀφείλειν
780 465 819 555 τῇ
842 459 939 531 πόλει
962 487 998 532 ea
1022 487 1101 550 quoe
1121 469 1268 548 leguntur
1283 469 1323 548 ἓξ
1338 469 1458 531 9--ι10

224 571 320 637 λίσαι
343 568 526 654 δυναίμεθα
547 573 643 638 fuisse
656 574 831 661 contendit.
876 575 1018 655 Proque
1040 576 1126 656 perte
1149 593 1210 638 non
1232 573 1296 637 iem
1320 577 1393 656 apte
1417 574 1453 637 in

225 679 390 762 posteriore
414 680 575 762 scriptione
599 681 643 743 uit
665 683 816 744 oratorem
841 681 1039 745 substituisse
1061 681 1102 759 ἐξ
1122 680 1252 742 14-16
1276 683 1307 743 et
1329 680 1452 743 incuria

226 785 361 867 quedam
390 786 472 850 inter
501 786 595 850 rerba
626 772 767 871 ὀφείλειν
796 783 835 872 τῇ
857 775 954 848 πόλει
977 789 1008 850 et
1032 776 1210 870 γράφονται
1233 785 1350 866 aliquid
1373 786 1454 848 omi·

226 893 312 966 sisse,
336 895 429 973 ceput
452 895 558 955 autem
580 893 620 971 ἓξ
636 893 743 955 9-10
767 888 861 954 λῦσαι
885 886 1067 972 δυναίμεθα
1094 891 1133 954 eb
1158 887 1272 956 editore
1301 891 1452 956 orationis

224 998 312 1061 nobis
335 997 487 1061 traditum
510 1016 585 1072 esse,
608 1017 646 1062 ne
669 997 744 1079 quid
766 999 929 1062 verborum
952 997 1170 1062 Demosthenis
1191 997 1339 1065 interiret.
1387 995 1452 1062 Sed

227 1104 346 1166 nullom
375 1122 441 1168 esse
470 1121 597 1167 consum
627 1122 683 1167 our
705 1106 745 1184 ξς
759 1105 870 1166 9-10
890 1099 986 1166 λῦσαι
1016 1097 1198 1184 διναίμεδα
1221 1103 1329 1184 prioris
1353 1103 1453 1186 scrip-

225 1209 317 1273 tionis
353 1227 419 1273 esse
456 1213 637 1291 putaremus
675 1213 731 1272 out
765 1210 860 1272 elium
895 1210 997 1274 looum
1035 1209 1073 1272 iis
1106 1208 1314 1272 tribueremus
1353 1212 1451 1274 antee

225 1315 473 1379 demonstratum
502 1318 557 1378 est.
610 1315 728 1379 Deinde
758 1315 880 1378 etiamsi
904 1315 984 1378 hanc
1006 1317 1127 1396 partem
1150 1333 1223 1380 cum
1247 1313 1355 1378 Viezeo
1378 1319 1452 1396 post

224 1423 245 1500 ξ
271 1422 309 1483 13
339 1439 500 1502 ponemus,
529 1420 696 1485 difficultas
727 1421 767 1483 eb
796 1440 831 1485 eo
861 1423 1102 1486 commemorota
1130 1424 1246 1484 menet
1297 1419 1382 1484 Nem
1409 1439 1450 1484 ne

225 1531 294 1589 tum
329 1526 454 1608 quidem
481 1529 584 1590 orator
617 1527 731 1590 diserte
762 1527 835 1590 dicit
863 1526 935 1607 quid
968 1530 1112 1600 senatus,
1147 1526 1221 1607 quid
1250 1527 1380 1608 populus
1410 1527 1450 1590 de

224 1632 421 1696 Euctemouis
456 1632 613 1712 rogatione
649 1631 826 1696 decreverit.
884 1632 931 1696 Dc
965 1650 1027 1713 que
1063 1631 1137 1713 quid
1171 1632 1377 1696 constitutum
1408 1634 1450 1696 sit

224 1741 377 1801 oratorem
400 1737 505 1802 afferre
529 1756 604 1802 sene
630 1742 852 1820 exspectemus.
905 1737 1069 1820 Propterea
1093 1739 1198 1802 eutem
1222 1737 1303 1819 quod
1327 1737 1448 1802 dehac

224 1863 257 1907 re
281 1863 341 1907 non
364 1843 498 1924 loquitur
520 1845 713 1924 neglegentia
736 1845 802 1908 eius
825 1845 873 1908 vel
896 1845 1007 1907 lacuna
1030 1843 1198 1908 statuenda
1221 1862 1281 1906 uon
1304 1847 1362 1920 est,
1393 1844 1449 1908 sed

224 1949 442 2030 inquirendum
471 1953 580 2031 optene
610 1950 711 2013 locum
744 1950 867 2030 qualem
896 1948 1048 2014 traditum
1077 1949 1227 2014 hebemus
1250 1949 1450 2030 interpretari

225 2056 388 2137 possimus.
447 2053 682 2120 Coheerentiem
715 2073 785 2119 uero
820 2055 1044 2120 sententiarum
1078 2054 1247 2137 perfectum
1281 2073 1347 2118 esse
1379 2074 1450 2118 ora-

225 2165 383 2241 toremque
420 2161 567 2224 vocabulo
605 2149 643 2222 εὸ
681 2150 840 2246 ψήφισμα
876 2161 1010 2225 breviter
1047 2160 1219 2248 significare
1257 2161 1448 2240 rogationem

224 2266 422 2331 Euctemonis
445 2267 606 2348 probatam
631 2285 697 2330 esse
720 2267 784 2330 iam
808 2267 950 2330 diximus.
1005 2266 1132 2330 Accedit
1159 2266 1248 2347 quod,
1280 2265 1307 2329 si
1337 2266 1448 2331 Viezeo

223 2372 261 2436 de
285 2372 383 2454 priore
407 2372 577 2454 scriptione,
610 2391 671 2453 qna
694 2372 771 2453 §14
795 2390 856 2436 non
881 2373 1064 2446 continetur,
1091 2371 1320 2446 assentiremur,
1352 2372 1446 2436 verbe

220 2480 240 2559 ξ
259 2479 330 2552 117,
352 2496 430 2559 ques
452 2478 552 2542 eidem
572 2479 728 2560 scriptioni
748 2478 865 2554 tribuit
888 2478 1063 2558 intellegere
1081 2495 1140 2542 non
1156 2496 1325 2559 possemus.
1361 2477 1445 2542 Nom

220 2588 256 2649 ut
284 2601 319 2648 ea
345 2585 579 2664 intellegentur,
612 2603 687 2666 opus
714 2586 762 2649 est
788 2584 1024 2648 enteenerreri
1047 2584 1268 2648 Euctemonem
1291 2583 1445 2663 elegatis

223 2680 420 2774 παρανόμων
442 2693 623 2754 accusatum
646 2708 722 2754 esse.

330 2795 415 2875 Quae
443 2795 550 2860 deinde
580 2797 726 2876 leguntur
758 2797 796 2876 ἐξ
820 2796 957 2859 17-19
989 2793 1066 2879 περὶ
1097 2784 1234 2858 ἑκάστου
1262 2784 1445 2876 διελόμενον

220 2896 327 2984 λέγειν
350 2901 477 2966 Viozeus
500 2921 598 2982 neque
622 2901 750 2965 orationi
772 2903 864 2984 prion'
887 2919 985 2982 neque
1011 2901 1169 2984 posteriori
1191 2901 1310 2975 tribuit,
1334 2901 1444 2965 sedin

223 3008 450 3071 commentariis
484 3009 592 3071 relicta
626 3011 657 3070 et
690 3007 729 3070 ab
764 3007 878 3071 editore
916 3007 1060 3070 cretionis
1094 3007 1183 3070 nobis
1219 3009 1341 3071 servata
1375 3025 1445 3070 esse

224 3115 388 3178 existimat.
439 3117 519 3179 Ante
543 3115 635 3178 verba
658 3117 764 3178 autem
795 3114 813 3194 ᾗ
832 3115 871 3176 19
896 3109 1026 3194 πρῶτον
1047 3109 1107 3193 μὲν
1130 3096 1184 3176 οὖν
1206 3100 1288 3195 ὅπερ
1310 3098 1446 3198 ίδίκησε

223 3215 363 3302 πρῶτον,
392 3205 477 3282 τοῦτ’
504 3215 565 3303 ἐρῶ
588 3219 704 3300 aliquid
734 3219 814 3300 quod
842 3219 999 3302 partitioni
1029 3219 1066 3300 ,ᾅὲ
1092 3219 1277 3284 108-109
1306 3219 1446 3301 prolatae

221 3326 417 3408 responderet
445 3326 592 3390 excidisse
620 3329 718 3407 putat.
769 3325 853 3388 Dicit
875 3326 958 3388 enim
980 3345 1009 3407 p.
1034 3326 1091 3388 36:
1114 3313 1226 3388 ‘iacere
1249 3344 1311 3388 non
1333 3343 1446 3406 possu-

219 3451 292 3496 mus
321 3433 396 3514 quiu
427 3435 498 3496 ente
526 3434 620 3497 verbo
650 3451 729 3513 quce
768 3435 842 3495 sunt
869 3427 1000 3516 πρῶτον
1025 3427 1085 3511 μὲν
1119 3413 1172 3494 οίν
1199 3418 1280 3514 ὅπερ
1310 3417 1446 3516 ἠδίκησε

222 3534 352 3620 πρῶτον
374 3538 609 3620 propositionem
632 3539 727 3602 telem
750 3537 789 3600 ed
813 3555 908 3619 quam
931 3540 961 3600 et
992 3537 1084 3601 verba
1108 3555 1186 3621 quoe
1215 3539 1290 3600 sunt
1312 3532 1446 3620 πρῶτον

219 3639 281 3723 μὲν
312 3627 365 3707 οὖν
395 3632 476 3727 ὅπερ
505 3630 637 3729 ἠδίκησε
668 3663 732 3725 sqq.
757 3647 827 3726 apte
850 3643 975 3723 adiungi
1002 3646 1033 3706 et
1055 3643 1209 3706 conclusio
1233 3643 1327 3708 totius
1351 3661 1446 3722 argu-

221 3749 418 3814 mentationis
441 3752 523 3814 recte
544 3750 677 3814 revocari
693 3750 812 3831 possint
832 3749 979 3814 excidisse
995 3749 1156 3830 opinemur
1179 3751 1272 3830 etque
1293 3747 1444 3812 excidisse

220 3857 348 3939 quidem
379 3855 503 3919 editoris
532 3856 624 3919 huius
655 3855 801 3919 orationis
834 3873 927 3936 quem
956 3855 1078 3936 saepius
1100 3854 1305 3919 indicarimus
1329 3841 1443 3936 culpu'

223 3963 282 4030 Sed
314 3981 350 4028 eo
380 3980 459 4043 qnae
488 3965 609 4028 contre.
624 3962 663 4042 ἐξ
688 3961 827 4025 17-19
860 3950 1042 4041 διελόμενον
1070 3955 1174 4044 λέγειν
1203 3960 1309 4026 attulit
1338 3960 1444 4026 inania

217 4087 288 4133 esse
321 4068 409 4132 facile
443 4068 667 4148 intellegemus.
732 4069 834 4148 Atque
866 4067 1003 4148 primum
1037 4066 1162 4148 quidem
1194 4066 1326 4129 miratur
1360 4066 1443 4146 quod

218 4177 323 4239 orator
357 4193 419 4237 non
454 4174 554 4238 solum
590 4176 753 4256 postquem
787 4173 869 4253 leges
908 4172 1077 4236 secuudum
1114 4191 1191 4254 quas
1225 4190 1322 4236 novoe
1356 4173 1442 4252 leges

219 4281 294 4344 ferri
324 4280 477 4344 debebant
504 4280 626 4344 recitari
659 4280 750 4344 iussit
783 4279 832 4361 (ἐξ
856 4277 1023 4362 24-26),
1061 4277 1114 4343 sed
1148 4279 1243 4344 etiam
1277 4281 1368 4342 antee
1403 4279 1442 4342 de
