3232 4890
768 267 787 328 3

167 479 318 544 liberavit.
359 477 599 554 Sed-Eudemo,
621 497 659 542 ne
682 478 775 558 legati
792 479 1009 544 beneficiorum
1023 479 1116 542 huius
1131 478 1207 558 legis
1223 477 1386 560 participes

166 587 288 660 fierent,
312 585 406 648 simul
422 604 494 648 curn
510 585 651 660 Diodoro,
675 585 727 666 qui
743 585 854 666 etipse
869 585 1102 648 inimicissimus
1118 587 1184 648 erat
1196 582 1387 658 Androtion,

166 691 375 756 Timocratem
391 681 587 775 παρανόμων
604 691 779 772 postulavit,
796 695 826 756 et
836 691 1069 765 Demosthenea
1086 691 1137 772 qui
1153 694 1245 754 antea
1257 689 1388 760 Diodoro

165 797 341 862 orationem
374 798 406 860 in
433 797 653 862 Androtionem
680 797 819 862 habitam
850 797 1086 879 conscripserat,
1119 797 1152 860 in
1181 797 1388 860 Timocratem

168 923 291 986 quoque
306 904 474 968 orationem
496 903 737 985 componendam
757 903 891 985 suscepit
907 907 918 943 1
942 901 988 967 Ol.
1004 903 1108 978 106,4
1127 901 1218 983 (anno
1232 903 1388 984 353-2).

170 1010 257 1090 Quae
281 1011 360 1074 aetio
383 1029 454 1073 curn
476 1010 509 1072 in
524 1009 729 1073 Timocratem
751 1009 895 1073 instituta
918 1013 948 1074 et
970 1008 1080 1090 legatis
1100 1009 1198 1072 denuo
1214 1008 1388 1073 timendum

167 1120 253 1181 esset
275 1135 313 1180 ne
335 1117 367 1178 in
390 1135 543 1180 carcerem
566 1116 721 1190 darentur,
743 1115 877 1197 pretium
895 1115 1025 1196 praedae
1041 1115 1203 1180 solverunt.
1244 1113 1390 1180 Sohaefer

169 1223 297 1304 quidem
320 1225 352 1286 et
366 1222 506 1286 Blassius
523 1222 655 1286 nitentes
677 1221 714 1284 iis
738 1240 817 1303 quae
838 1222 986 1301 leguntur
1008 1221 1025 1303 ξ
1044 1221 1105 1284 187
1127 1207 1235 1283 aiacrior
1251 1207 1280 1282 δ’
1294 1206 1392 1282 αἰτόν

166 1325 274 1412 λέγειν
305 1316 349 1404 ὡς
383 1323 566 1390 ἐκτέτιοται
594 1317 643 1390 τὰ·
663 1313 796 1412 χρήματ’
818 1312 1025 1410 Ἀνδροτίωνι
1052 1323 1108 1388 καί
1141 1321 1303 1411 Γλαυκέτῃ
1332 1323 1387 1388 καί

171 1423 371 1518 Μελανώπῳ
401 1431 457 1496 καί
488 1420 539 1496 ὅτι
567 1423 724 1498 δεινότατ’
749 1419 789 1496 ib
812 1423 924 1496 reddor
956 1422 1087 1495 πόντιον
1120 1418 1323 1515 ἀνθρώπιον,
1361 1425 1390 1504 εὶ

165 1530 402 1626 πεποιηκότων
418 1535 546 1602 ἐκείνων
564 1529 605 1602 τὰ
622 1534 743 1616 δίκαια,
768 1527 851 1622 ὑπὲρ
875 1519 919 1601 ὧν
941 1527 1036 1614 αὐτὸς
1058 1531 1170 1610 αἰτίαν
1194 1533 1260 1618 ἔχει
1278 1539 1389 1600 oetam

166 1636 225 1710 τόν
239 1635 346 1726 νόμον,
370 1642 469 1732 μηδὲν
491 1625 586 1732 ἦττον
602 1635 698 1722 αὐτὸς
713 1631 882 1708 οίλίσκοιτο
901 1663 952 1710 eos
972 1645 1067 1708 officio
1085 1663 1140 1708 suo
1157 1645 1282 1708 omnino
1301 1644 1394 1708 satis·

169 1753 279 1817 secisse
303 1751 487 1816 existimant.
534 1751 594 1816 Sed
617 1740 658 1814 τὰ
679 1741 825 1837 χρήματα
848 1751 947 1815 solum
975 1751 1110 1832 pretium
1137 1750 1268 1832 praedae
1297 1750 1395 1830 signi-

168 1859 262 1922 ficare
286 1861 412 1940 apparet
435 1877 471 1922 ex
493 1857 510 1939 ἓ
530 1859 591 1920 189
616 1850 725 1920 καίτοι
747 1853 803 1919 καὶ
825 1852 902 1919 τοῦτ
924 1842 993 1919 ὀόκ
1015 1842 1222 1942 cirroprjamp'¹
1234 1841 1273 1918 ίίν
1285 1854 1390 1934 δεῖξαι

167 1953 281 2026 πάντα
315 1959 437 2044 μᾶλλον
466 1949 485 2049 ἢ
519 1953 603 2025 κατό
639 1952 713 2038 τοὺς
748 1953 863 2043 νόμους
899 1958 1140 2048 πεποιημένοις
1175 1951 1232 2048 τὴν
1268 1955 1394 2026 ἔκτισιν

170 2063 321 2146 ἐκείνους,
345 2069 526 2150 praesertim
549 2088 621 2132 oum
644 2068 661 2148 ᾖ
679 2069 718 2131 15
742 2058 826 2130 acad
848 2057 904 2153 τὴν
926 2055 1045 2152 ἀγορὰν
1062 2059 1257 2152 λογοποιοὺς
1273 2061 1392 2130 καθίε-

169 2197 232 2238 σαν
255 2164 300 2251 ιός
321 2163 413 2237 ἆπλᾶ
440 2169 500 2254 μὲν
529 2168 655 2255 ἕτοιμοι
677 2163 718 2236 τὰ
739 2159 872 2259 χρήματ’
896 2167 1039 2251 ἐκτίνειν,
1064 2169 1168 2236 διπλᾶ
1192 2159 1221 2235 δ’
1240 2158 1276 2236 οὗ
1299 2163 1392 2256 δανί-

168 2302 285 2344 οονται
308 2285 485 2361 separatos
509 2299 575 2344 esse
598 2281 701 2362 ipsum
723 2280 854 2362 praedae
877 2279 1010 2362 pretium
1041 2280 1156 2344 solvere
1186 2280 1280 2360 legati
1310 2279 1394 2342 affir-

169 2391 266 2452 ment.
313 2386 468 2450 Solutione
491 2387 585 2466 igitur
607 2386 689 2450 facta
717 2405 766 2449 res
795 2386 923 2467 paulum
954 2388 1077 2450 mutata
1108 2388 1187 2462 crat,
1224 2385 1277 2450 sed
1306 2385 1393 2448 nulla

170 2497 238 2558 erat
261 2511 356 2557 causa
379 2511 434 2556 cur
456 2495 649 2558 accusatores
673 2493 726 2556 lite
749 2491 944 2556 desisterent.
982 2490 1064 2556 Nam
1079 2493 1295 2573 praeterquam
1311 2490 1394 2572 qnod

169 2599 266 2680 legati
297 2599 444 2673 multam,
479 2597 516 2662 de
547 2617 607 2680 qua
635 2599 699 2661 iam
730 2597 824 2661 locuti
852 2615 975 2672 sumus,
1010 2596 1147 2660 nondum
1177 2597 1393 2679 pependerant,

169 2705 403 2770 accusatoribus
426 2704 578 2768 actionem
592 2704 770 2768 institutam
792 2703 1003 2774 deserentibus
1025 2721 1123 2784 poena
1139 2706 1170 2766 et
1185 2703 1268 2766 mille
1285 2702 1396 2766 drach·

170 2830 296 2876 marum
319 2813 350 2874 et
372 2795 505 2890 ἀτιμίας
531 2809 681 2873 eiusmodi
712 2810 880 2874 constituta
911 2811 978 2876 erat
1007 2812 1043 2872 ut
1070 2809 1108 2872 iis
1139 2827 1200 2872 non
1229 2809 1336 2872 liceret
1361 2808 1394 2870 in

170 2921 331 3000 postemm
365 2914 471 2980 codem
505 2934 566 2996 quo
601 2915 650 2979 usi
679 2918 768 2979 erant
796 2914 925 2982 actionis
959 2933 1069 2994 genere
1104 2933 1293 2996 quemquam
1326 2933 1396 2995 per·

172 3023 261 3104 sequi
274 3024 296 3085 3.
350 3020 494 3086 Cetemm
524 3022 640 3084 mirum
672 3040 733 3084 non
763 3023 809 3086 est
838 3020 918 3102 quod
948 3024 1050 3084 orator
1079 3020 1096 3102 ξ
1122 3021 1183 3084 189
1214 3038 1275 3083 non
1304 3038 1419 3084 aecu-·-=

172 3129 273 3194 ratius
296 3127 417 3210 exponit
439 3129 555 3208 legatos
578 3146 639 3190 non
662 3126 833 3191 secundum
855 3128 939 3208 leges
962 3126 1104 3202 solvisse,
1136 3126 1189 3190 sed
1220 3127 1265 3190 ita
1296 3126 1394 3208 pergit

172 3222 256 3298 αἰλλδι
277 3223 322 3320 μὴ
352 3229 428 3318 περὶ
458 3223 579 3296 τούτων
605 3221 693 3314 ὑμῶν
724 3223 889 3296 οίοόντιον
906 3221 962 3318 τὴν
991 3228 1120 3318 ψῆφον,
1155 3226 1189 3296 τί
1216 3229 1265 3294 δεῖ
1294 3227 1396 3294 ταῦτα

171 3325 295 3426 λέγοντ’
320 3335 457 3418 ἐνοχλεῖν
478 3360 519 3419 με
541 3333 624 3416 νονί,·
647 3339 778 3402 Diodoro
802 3339 884 3402 enim
908 3341 938 3403 et
957 3337 1139 3410 Euctemoni
1161 3357 1222 3402 non
1245 3337 1277 3400 id
1300 3356 1396 3418 agen·

173 3448 250 3511 dum
273 3448 340 3510 erat
362 3448 398 3508 ut
420 3444 665 3512 demonstrarent
687 3446 803 3524 legatos
822 3444 924 3510 officio
952 3463 1007 3508 suo
1030 3443 1167 3508 nondum
1199 3443 1395 3514 satisfecisse,

174 3553 229 3617 sed
252 3553 351 3632 legem
374 3551 556 3615 Timocratis
579 3551 814 3634 improbandam
841 3569 917 3615 esse.
975 3549 1043 3628 Qua
1073 3550 1105 3613 in
1135 3568 1167 3613 re
1189 3548 1394 3614 ,diiudicanda

173 3677 236 3722 non
259 3657 409 3724 referebat
432 3658 606 3722 accuratius
624 3659 707 3722 scire
731 3659 884 3739 quantum
906 3656 1000 3737 legati
1024 3655 1194 3720 solvissent.
1235 3653 1275 3719 uf
1294 3654 1311 3734 ,ξ
1331 3657 1394 3718 lae

285 3925 294 3955 ¹
312 3922 422 3990 Dionys.
440 3922 481 3976 ad.
501 3923 588 3974 Anam.
614 3921 628 3974 I
646 3921 663 3973 4
683 3925 726 3972 ἐπὶ
745 3918 775 3972 δι’·
796 3916 937 3988 Θουδήμου
955 3917 1003 3970 τοῦ
1026 3912 1095 3986 μετὰ
1115 3915 1245 3986 Διότιμον
1263 3911 1396 3988 ἄρξαντος

174 4008 224 4063 τόν
242 4031 271 4062 τε
290 4004 359 4061 κατὰ
383 4007 559 4079 Τιμοκράτονε
577 4005 656 4080 λόγον
674 4010 775 4079 ε’γμαιμε
794 4004 923 4078 Διοδώρῳ
934 4005 988 4059 κτλ.

284 4105 490 4184 2Schaef'er³
509 4115 701 4169 Demosthenes
719 4115 774 4167 und
792 4114 865 4166 scine
879 4114 942 4168 Zeit.
962 4113 1038 4166 ΙΠΒ
1057 4130 1082 4181 p.
1102 4113 1144 4179 64,
1163 4111 1261 4178 Blass,
1277 4111 1398 4164 Attisebe

175 4205 375 4259 Beredsanrkeit
392 4205 460 4258 1111
481 4221 505 4272 p.
526 4205 585 4258 245.

285 4311 662 4372 ³Meier-Schoemann
680 4310 708 4363 ΙΙ
727 4327 751 4378 p.
772 4309 832 4363 951.
