3232 4890
810 240 850 302 lo

220 437 305 511 eirea
329 445 363 511 ἐν
385 439 482 512 πόλει
504 429 724 535 εὐνομουμένῃ,
740 450 916 514 iniussus
941 445 974 512 ἐν
996 445 1035 536 τῇ
1053 436 1149 512 αἰτοῦ
1168 439 1265 512 πόλει
1284 441 1313 512 εὶ
1332 445 1442 530 μέλλει

225 541 473 640 εὖνομήσεσθαι,
497 555 606 619 Aesch.
630 555 645 618 I
669 558 688 619 5
714 544 790 618 ὅταν
812 541 1001 642 εὐνομῆσθε.

331 661 492 726 Praeterea
509 659 672 726 Benselero
695 661 852 726 offensioni
875 666 923 726 est
946 681 1001 726 vox
1018 657 1221 742 ἐσκεμμένως
1240 661 1257 742 ξ
1273 662 1346 736 157,
1363 655 1446 742 quae

223 767 349 830 omnino
370 767 507 830 adhibita
524 787 586 830 non
607 767 728 832 videtur
745 768 807 832 nisi
828 787 847 832 a
867 768 1032 832 scholiasta
1048 749 1235 849 Thucydidis
1253 765 1302 830 Ill
1320 769 1394 841 112,
1412 768 1445 830 4.

223 873 332 954 Neque
354 878 460 936 tamen
490 873 602 936 idcirco
629 892 746 954 magna
777 874 923 937 orationis
946 893 1017 956 pars
1041 893 1060 936 a
1082 873 1291 938 Demosthene
1321 872 1448 936 abiudi-

223 979 323 1042 oanda
346 981 402 1043 est.
448 978 539 1054 Nam,
562 983 598 1042 ut
622 982 713 1043 antea
736 979 806 1054 dixi,
827 980 909 1062 apud
929 981 1003 1044 alios
1027 998 1147 1061 quoque
1171 979 1331 1060 scriptores
1351 966 1450 1056 ἅπαξ

221 1075 376 1168 λεγόμενα
399 1088 535 1160 extant‚¹
560 1089 699 1148 attamen
722 1105 812 1149 nemo
835 1087 915 1150 locos
938 1087 991 1150 ubi
1014 1085 1213 1150 inveniuntur
1235 1103 1288 1166 pro
1312 1085 1446 1158 subditi-

223 1191 278 1254 clis
301 1191 404 1265 habet,
427 1191 543 1254 nedum
567 1191 634 1255 ideo
657 1192 806 1271 longiores
829 1196 932 1274 partes
956 1191 1102 1255 damnare
1126 1191 1251 1255 audeat.
1290 1189 1356 1254 Nec
1378 1190 1445 1253 veri

223 1296 373 1360 dissimile
407 1301 455 1360 est
482 1300 634 1360 oratorem
665 1297 822 1379 scripsisse
846 1293 1037 1378 ἐσκεμμένοι
1060 1301 1091 1361 et
1114 1315 1213 1360 errore
1242 1296 1360 1360 librarii
1391 1296 1449 1360 ali-

222 1403 313 1466 cuius
336 1421 372 1465 ex
394 1403 552 1485 participio
575 1403 756 1467 adverbium
779 1398 983 1484 ἐσκεμμένως
1004 1407 1108 1468 ortum
1131 1423 1207 1467 esse.

329 1509 447 1573 Deinde
465 1509 594 1572 verbum
613 1504 796 1593 ἐπικουρεῖν
818 1509 835 1591 ξ
854 1510 914 1572 112
937 1499 1034 1590 νόμον
1056 1495 1169 1572 ου’-θένα
1193 1509 1264 1584 τοῖς
1285 1498 1450 1584 τοιούτοις

225 1609 459 1698 ἐπικουροῦντα
470 1608 585 1700 τίθησι
594 1615 756 1678 Benselero
768 1615 917 1698 displicet,
930 1615 1010 1696 quod
1025 1611 1208 1700 ἐπικουρεῖν
1224 1615 1283 1678 nisi
1298 1633 1449 1697 personae

223 1739 284 1782 nou
308 1720 465 1787 dicantur..
505 1719 567 1784 Sed
590 1721 666 1784 satis
685 1724 733 1784 est
750 1740 988 1786 commemorare
1004 1721 1139 1803 Xenoph.
1160 1720 1266 1802 Gyrcp.
1289 1720 1333 1784 VI
1350 1722 1380 1796 2,
1404 1721 1449 1782 30

223 1815 327 1912 ἐσθὴς
349 1813 568 1912 ἀφθονεστέρα
596 1817 704 1889 πολλά
731 1825 787 1888 καὶ
810 1815 984 1910 ὑγιαίνοντι
1007 1825 1063 1888 καίΙ
1087 1817 1240 1908 κάμνοντι
1264 1821 1446 1910 ἐπικουρεῖ.

330 1932 493 1995 Praeterea
516 1932 642 1996 offendit
667 1933 699 1994 in
722 1951 793 1996 voce
816 1935 1037 2018 μισθοφορεῖν
1055 1933 1072 2014 g
1093 1934 1165 2006 123,
1183 1951 1256 1996 cum
1276 1933 1346 1995 aliis
1364 1933 1449 2014 apud

223 2037 465 2102 Demosthenem
488 2039 562 2101 locis
590 2039 744 2120 pert-ineat
772 2043 827 2102 aut
849 2039 888 2102 ad
910 2039 1031 2104 milites
1062 2042 1117 2102 aut
1144 2038 1184 2102 ad
1208 2058 1258 2102 eos
1290 2039 1342 2120 qui
1365 2057 1449 2102 mer-

224 2143 329 2207 cedem
354 2147 460 2207 conlra
483 2143 565 2224 leges
589 2145 628 2207 ab
659 2145 760 2225 aliquo
791 2145 930 2226 capiant,
954 2148 990 2208 ui
1020 2145 1047 2208 ei
1071 2145 1199 2227 prosint.
1247 2143 1447 2226 Quamquam

224 2249 356 2313 concedo
386 2251 570 2313 uocabulum
600 2251 778 2332 saepissime
809 2251 846 2314 de
876 2251 987 2314 militia
1018 2251 1086 2326 dici,
1118 2251 1186 2315 ideo
1215 2270 1276 2313 non
1306 2251 1451 2331 sequitur

227 2355 351 2418 adalia
380 2375 509 2419 munera
540 2356 570 2418 id
601 2355 705 2419 referri
735 2376 795 2418 non
826 2375 923 2438 posse.
969 2354 1069 2420 Immo
1100 2357 1284 2420 Benseler
1276 2375 1341 2437 rpse
1373 2356 1452 2419 dicit

227 2459 309 2542 apud
338 2461 407 2542 hys,
434 2450 650 2524 XXVIIII
631 2449 714 2524 ω’στε
737 2443 893 2524 οάκέτι
869 2486 912 2524 ων
933 2484 1021 2524 ουτοι
1044 2459 1240 2530 κλέπτουσιν
1265 2447 1450 2546 ὀργιζεσθε,

225 2553 296 2628 άλλ
321 2590 364 2629 ων
387 2589 477 2628 αιτοι
470 2565 540 2628 λα
539 2557 676 2648 ιβανετε
697 2557 789 2651 χάριν
811 2561 890 2644 ἴστε,
916 2556 1027 2651 ὥσπερ
1050 2557 1141 2648 υμεῖς
1163 2557 1204 2630 τά
1226 2558 1347 2630 τούτων
1369 2587 1449 2648 μισ-

225 2669 445 2758 θοφορουντες
462 2659 569 2734 άλλΗ
535 2695 571 2735 ου
595 2663 715 2735 τοτ’των
730 2665 770 2736 τά
789 2662 924 2757 υμετέρα
942 2663 1148 2736 κλεπτόντων
1167 2674 1294 2736 verbum
1312 2673 1450 2737 similem

227 2779 289 2841 vim
314 2779 425 2842 habere
449 2783 541 2860 atque
564 2780 595 2842 in
617 2779 816 2843 Timocratea.
852 2779 959 2861 Neque
982 2780 1084 2842 minus
1108 2799 1124 2842 e
1144 2779 1222 2842 Plat.
1245 2778 1337 2859 Gorg.
1358 2781 1454 2842 5150

229 2881 394 2967 Περικλέα
416 2880 635 2970 πεποιηκέναι
655 2871 851 2970 Ἀθηναίους
881 2871 997 2969 άρμους
1027 2883 1083 2947 καὶ
1108 2874 1232 2960 δειλοὺς
1254 2882 1310 2947 καὶ
1333 2875 1456 2961 λάλους

229 2985 286 3052 καὶ
310 2979 523 3076 φιλαρμάρους
545 2984 593 3066 εἷς
613 2985 840 3077 μισθοφορίαν
855 2988 985 3076 πρῶτον
1002 2981 1247 3077 καταστήσαντα
1266 2995 1297 3054 et
1310 2991 1453 3073 Xenoph.

225 3096 263 3159 de
287 3097 360 3178 hep.
375 3097 485 3160 Athen.
502 3098 552 3171 1,3
577 3084 700 3158 ὃπάσαι
723 3091 805 3160 εἰσὶν
827 3083 921 3182 άρχαὶ
944 3091 1171 3183 μισθοφορίας
1194 3090 1286 3160 ένεκα
1302 3097 1450 3179 perspici·

228 3204 280 3264 tur
301 3203 522 3286 μισθοφορεῖν
546 3203 583 3265 de
608 3203 750 3266 omnibus
773 3204 952 3267 muneribus
977 3204 1143 3284 exquibus
1164 3203 1338 3266 mercedem
1358 3221 1450 3284 cape-

227 3311 297 3370 rent
320 3307 438 3371 dictum
462 3327 537 3371 esse.
575 3306 618 3372 Cf.
644 3309 738 3372 etiam
751 3309 877 3372 Aristot.
902 3309 964 3372 Pol.
989 3307 1021 3372 11
1047 3311 1086 3371 12
1110 3297 1305 3396 μισθοφόρα
1329 3303 1451 3370 κατέσ-

227 3432 303 3498 aque
326 3402 367 3474 τά
390 3403 592 3499 δικαστήρια.

335 3663 344 3692 ¹
362 3659 485 3726 Exempli
504 3659 587 3728 gratia
611 3659 738 3712 nonnulla
755 3658 885 3712 vocabula
910 3675 1085 3712 commemoro
1110 3675 1178 3728 quae
1202 3659 1273 3728 apud
1291 3658 1451 3728 Sophoclem

226 3745 309 3799 scinci
326 3746 464 3816 leguntur:
485 3748 526 3802 Αἰ.
542 3747 611 3802 1258
631 3745 907 3816 ἐξελευθεροστομεῖιν,
927 3747 995 3802 Phil.
1015 3748 1067 3801 530
1087 3749 1237 3812 εἰσοιῖκησιε,
1258 3746 1321 3801 Oed.
1334 3764 1383 3800 rex
1395 3749 1454 3802 464

227 3836 401 3895 θεσπιεττεία,
431 3835 485 3890 Col.
507 3836 574 3890 1705
594 3829 755 3895 εάσκίαστοε,
775 3833 844 3890 Phil.
864 3837 916 3891 769
936 3829 1070 3901 εὐσταλής,
1090 3835 1172 3890 slent.
1192 3836 1243 3889 58?
1262 3842 1448 3904 κακοστομεῖν,

227 3922 291 3978 Oed.
312 3922 365 3977 Col.
386 3924 437 3977 339
456 3921 611 3986 κατεικάζισ,
637 3924 677 3977 Ai.
698 3925 731 3977 55
750 3921 898 3993 πολυκεροε,
925 3925 966 3978 Ai.
988 3925 1020 3977 19
1042 3921 1215 3994 σακεσφόροε.
1257 3923 1397 3978 Praeterea
1416 3927 1452 3978 ad

226 4012 296 4065 hane
314 4028 370 4065 rem
391 4011 574 4066 illustrandam
594 4011 738 4080 plurimum
760 4012 850 4065 attulit
869 4013 1000 4081 CiipperS‚
1029 4013 1061 4065 de
1086 4015 1179 4066 octavo
1197 4013 1358 4080 Thucydidis
1382 4013 1455 4067 libro

226 4117 277 4153 non
303 4101 430 4168 perpolito
456 4101 560 4168 (disseri
583 4100 694 4154 Monesi.
716 4100 802 4165 1884).
842 4101 892 4166 Qui
911 4119 935 4169 p.
957 4103 990 4155 63
1011 4117 1066 4170 sqq.
1107 4101 1158 4155 216
1184 4101 1314 4154 vocabula
1340 4101 1368 4153 in
1393 4102 1455 4156 solo

227 4189 311 4256 primo
329 4188 395 4242 libro
414 4207 430 4243 a
447 4189 601 4256 Thucydide
620 4189 737 4243 adhibila
756 4190 839 4255 affert,
864 4206 878 4242 e
898 4189 994 4257 quibus
1013 4190 1048 4244 52
1066 4191 1171 4258 praeter
1189 4206 1249 4242 eum
1269 4206 1347 4242 nemo
1366 4191 1454 4258 scrip-

227 4280 315 4329 torum
335 4277 483 4330 Atticorum
503 4276 590 4331 habet.
