3232 4890
259 475 364 536 autem
393 473 480 536 abest
508 476 544 536 ut
566 473 623 535 hoc
651 471 752 534 adhuc
775 471 917 537 effectum
948 471 988 534 sit
1010 475 1046 535 ut
1068 472 1186 535 ostendi
1217 472 1313 553 possit
1337 472 1479 552 singulas

257 579 423 661 particulas
447 597 524 660 quas
548 579 697 644 habemus
720 578 948 660 55110-154
978 577 1017 641 ad
1041 578 1103 641 rim
1124 578 1270 642 orationis
1300 579 1478 659 augendam

259 686 436 768 aptissimas
460 704 535 750 esse.

362 812 462 892 Atque
486 809 620 891 primum
637 809 760 891 quidem
784 811 821 891 55
840 810 1019 872 llo-121
1039 810 1117 873 mibi
1132 809 1276 873 videntur
1291 812 1479 890 gravitatem

258 916 402 980 orationis
425 933 545 996 angere.
591 919 691 980 Antea
720 915 801 980 enim
828 916 1059 980 demonstratur
1084 915 1265 980 Timocratis
1293 916 1392 996 legem
1415 935 1477 981 non

258 1022 392 1103 legitimo
415 1022 504 1085 modo
528 1021 646 1096 datam,
677 1022 796 1103 legibus
820 1022 1016 1098 contrariam,
1044 1021 1087 1085 rei
1109 1023 1250 1104 publicae
1272 1023 1478 1104 perniciosam

259 1147 334 1192 esse.
387 1128 455 1191 lam
479 1147 547 1192 vero
579 1129 738 1210 exponitur
764 1131 921 1192 auctorem
952 1128 1017 1192 eius
1045 1147 1079 1192 eo
1106 1129 1207 1208 magis
1235 1129 1476 1211 vituperandum

262 1253 328 1300 esse
352 1235 433 1316 quod
455 1235 550 1299 talem
572 1236 671 1316 legem
688 1236 825 1299 consulto
845 1234 961 1298 dederit
977 1253 1074 1315 neque
1091 1235 1252 1298 hominum
1268 1237 1477 1300 misericordia

258 1361 364 1405 revera
387 1342 549 1422 dignorum
573 1361 644 1404 eum
667 1342 849 1416 miseruerit
878 1341 932 1405 sed
955 1342 1164 1405 scelestorum.
1217 1342 1379 1406 Praeterea
1402 1362 1477 1406 euru

259 1450 324 1528 lege
353 1467 409 1512 sua
436 1449 532 1530 ipsius
561 1447 687 1523 Solonis,
716 1447 880 1511 clarissimi
908 1447 972 1523 viri,
1006 1449 1088 1528 leges
1116 1448 1284 1512 mutavisse
1315 1467 1414 1530 neque
1444 1450 1478 1513 in

260 1559 382 1638 tempus
405 1555 545 1619 futurum
568 1558 692 1619 tantum
716 1554 769 1619 sed
792 1554 886 1618 etiam
909 1555 941 1617 in
963 1555 1173 1638 praetepitum.
1219 1555 1371 1620 Accedere
1394 1556 1476 1637 quod
1604 1591 1605 1606 κ

260 1662 305 1725 ita
328 1661 425 1742 egerit
448 1661 533 1724 nulla
556 1661 616 1724 alia
639 1680 734 1724 causa
750 1662 923 1725 commotus
939 1678 1034 1741 quam
1057 1663 1093 1723 nt
1107 1659 1227 1724 furibus
1243 1664 1275 1724 et
1290 1662 1478 1743 templorum

260 1768 461 1850 direptoribus
485 1768 647 1850 prodesset.
693 1767 776 1831 Nam
803 1769 919 1848 legatos
947 1786 1000 1849 pro
1029 1767 1140 1848 quibus
1169 1767 1269 1846 legem
1299 1766 1417 1832 dederit
1445 1773 1480 1833 et

262 1874 352 1938 dcam
375 1878 407 1938 et
428 1894 493 1939 rem
517 1875 673 1958 publicam
696 1875 824 1956 pecunia
846 1873 1020 1956 privavisse,
1044 1891 1142 1954 neque
1166 1873 1294 1937 dubium
1314 1893 1381 1938 esse
1402 1875 1479 1956 quin

261 2000 279 2044 a
310 1981 366 2046 dea
398 1982 465 2064 ipsa
492 1982 568 2045 haec
603 1981 764 2046 insolentia
799 1981 836 2043 iis
870 1979 982 2044 iniecta
1018 1981 1067 2056 sit,
1099 1983 1135 2042 ut
1165 1980 1347 2060 gravissima
1380 1999 1478 2063 poena
1605 1993 1606 2010 ³

262 2087 465 2151 afficerentur.
521 2090 670 2170 Apertum
699 2091 746 2151 est
773 2086 944 2151 necessaria
973 2086 1096 2168 quidem
1124 2087 1200 2150 haec
1227 2105 1289 2150 non
1316 2105 1393 2162 esse,
1424 2088 1480 2151 sed

261 2197 385 2257 tantum
416 2193 550 2257 conferre
581 2193 620 2256 ad
652 2193 768 2257 iudices
798 2192 962 2256 movendos
992 2195 1029 2256 ut
1059 2211 1095 2256 ea
1121 2192 1205 2256 haud
1234 2193 1366 2257 libenter
1399 2192 1481 2258 desi·
1606 2285 1607 2288 Ἴ

261 2299 413 2363 deremus.

364 2423 452 2488 Idem
484 2423 633 2488 iudicium
661 2423 697 2489 de
725 2424 743 2505 5
772 2425 834 2487 122
866 2423 942 2488 facio
969 2423 1022 2487 ubi
1052 2442 1088 2488 ex
1115 2442 1149 2488 eo
1180 2423 1260 2505 quod
1288 2423 1480 2489 Timocrates

262 2532 377 2612 legatos
407 2549 503 2614 poena
533 2532 662 2595 carceris
691 2531 756 2612 lege
787 2549 843 2594 sua
875 2531 991 2606 liberet,
1027 2530 1206 2613 publicanos
1243 2531 1341 2594 multo
1373 2531 1481 2596 minus

263 2643 405 2702 nocentes
429 2657 465 2701 ea
488 2637 568 2701 affici
591 2638 695 2702 iubeat
717 2637 909 2701 concluditur
936 2656 1008 2700 eum
1036 2637 1166 2719 pecunia
1197 2637 1236 2700 ab
1264 2637 1326 2701 illis
1350 2641 1480 2720 accepta
1607 2681 1608 2698 t

264 2745 302 2808 ad
326 2763 396 2808 eam
418 2743 577 2808 ferendam
600 2743 769 2807 adductum
793 2762 867 2808 esse.
923 2742 998 2822 Quis
1027 2744 1110 2807 enim
1142 2743 1248 2807 credat
1271 2746 1422 2808 oratorem
1445 2745 1479 2808 in

264 2850 414 2915 eiusmodi
448 2867 542 2914 causa
581 2850 880 2930 argumentationem
908 2850 1094 2913 omissurum
1128 2849 1223 2914 trisse
1253 2868 1314 2932 qua
1342 2869 1482 2932 compro·

263 2958 389 3020 baretur
409 2975 498 3020 reum
521 2956 650 3038 pecunia
673 2959 850 3038 corruptum
874 2957 972 3037 legem
995 2957 1126 3020 tulisse?

367 3079 473 3162 Neque
496 3081 534 3162 55
572 3081 734 3144 23-124
758 3081 823 3144 eius
846 3081 930 3146 modi
952 3083 1025 3144 sunt
1050 3083 1087 3144 ut
1109 3083 1259 3144 oratorem
1276 3099 1312 3144 ea
1328 3081 1479 3145 abiecisse

264 3190 380 3270 putem.
426 3185 525 3251 Immo
549 3187 588 3250 ad
612 3186 816 3251 conciliandos
832 3188 970 3252 iudicum
987 3189 1105 3252 animos
1121 3187 1254 3252 maxime
1271 3189 1479 3270 opportunum

264 3297 331 3358 erat
357 3293 500 3358 laudibus
531 3292 635 3358 efferre
664 3298 849 3376 quantopere
876 3295 1046 3358 oratoribus
1080 3294 1223 3358 scelestos
1259 3293 1480 3359 adiuvantibus

263 3403 471 3484 populumque
494 3401 759 3465 contemnentibus
781 3401 994 3481 magnitudine
1018 3400 1112 3464 animi
1135 3400 1193 3482 ipsi
1215 3403 1416 3483 praestarent.

367 3524 485 3589 Deinde
516 3527 621 3588 contra
644 3525 790 3589 Weilium
825 3525 1033 3589 demonstravi
1065 3523 1103 3605 55
1134 3524 1315 3587 125-138
1343 3525 1480 3588 maxime

264 3633 373 3696 idonea
395 3650 461 3695 esse
485 3631 595 3713 quibus
619 3631 712 3694 oratio
736 3631 915 3712 expleretur.

368 3755 448 3835 Quid
471 3773 557 3837 porro
580 3755 681 3836 aptius
704 3757 770 3818 erat
792 3773 886 3835 quam
909 3755 941 3817 in
965 3755 1083 3819 actione
1106 3745 1302 3840 παρανόμων
1326 3759 1481 3819 oratorem

265 3862 511 3936 Atheniensibus,
540 3861 621 3943 apud
651 3880 725 3942 quoa
754 3862 909 3926 oratorum
940 3861 1063 3925 arbitrio
1086 3862 1267 3944 plerumque
1295 3862 1377 3942 leges
1401 3863 1483 3925 fere-

265 3970 379 4032 bantur
401 3971 432 4032 et
455 3968 649 4041 tollebantur,
674 3967 781 4030 Locros
809 3969 983 4050 exemplum
1014 3987 1188 4051 proponere,
1218 3968 1272 4031 ubi
1302 3968 1384 4031 intra
1409 3968 1481 4050 plus

265 4076 411 4139 ducentos
434 4093 530 4138 annos
553 4092 615 4137 una
638 4073 685 4136 lex
708 4073 781 4136 data
804 4077 870 4138 erat
894 4074 944 4156 (55
969 4075 1173 4156 rae-144).

367 4198 507 4279 Denique
530 4217 566 4262 ea
589 4216 667 4278 quae
690 4196 821 4278 legimus
844 4199 881 4280 55
905 4199 966 4262 144
978 4199 1092 4274 --154,
1115 4197 1280 4264 Timocrati
1303 4218 1364 4262 non
1388 4200 1481 4265 licere

265 4306 318 4368 illa
340 4305 406 4384 lege
431 4291 504 4367 οὐδὲ
521 4294 608 4390 δήσω
624 4301 690 4366 κτλ.
715 4304 849 4386 exemplo
873 4304 927 4380 uti,
952 4304 1027 4368 nihil
1043 4307 1202 4370 continent
1229 4304 1309 4386 quod
1334 4324 1481 4370 ererum
