3232 4890
726 241 768 302 23

129 453 332 518 Euctemcne
348 471 420 516 eum
437 452 630 516 accusarisse
652 453 705 526 ait,
728 454 765 516 ut
780 455 811 515 et
826 451 871 516 rei
886 450 1027 532 publicae
1044 453 1234 514 succurreret
1249 452 1280 513 et
1295 450 1360 531 ipse

112 560 289 647 ‘iniuriam
313 562 472 641 acceptam
495 559 700 622 ulcisceretur.
739 557 925 638 Priusquam
949 559 1056 620 autern
1078 557 1178 638 pergit
1201 555 1359 638 explicare,

130 685 213 730 cum
237 667 356 728 iamin
379 684 413 730 eo
436 665 547 728 fuisset
562 668 598 728 ut
620 665 684 745 ipse
701 665 889 746 propositum
905 665 1129 744 assequeretur,
1152 661 1359 726 Timocratem

131 775 243 854 legem
274 791 365 836 suam
394 771 502 834 tulisse
532 774 563 834 et
596 771 640 834 ita
670 769 891 834 Androticnem
927 769 1061 850 periculo
1093 769 1248 840 liberasse,
1286 767 1362 831 dicit

134 873 317 963 βουλοίμην
335 863 364 940 d'
381 863 419 939 ἂν
436 925 598 939 .......
616 856 659 938 ὧν
674 860 765 954 ἄξιός
781 871 883 938 dcciv:
906 863 1009 938 ‘velim
1025 878 1056 938 et
1074 893 1124 938 me
1141 873 1264 954 assequi
1280 873 1361 954 quod

137 985 231 1067 cupio
255 989 287 1048 et
309 985 398 1048 illum
421 983 485 1065 pati
508 983 589 1064 quod
617 967 735 1047 meret'
787 980 848 1046 Sed
878 982 948 1044 talis
979 981 1131 1044 enuntiati
1161 979 1261 1044 forma
1288 982 1361 1060 apta

137 1095 218 1165 erat,
249 1091 346 1154 donec
377 1093 479 1154 orator
509 1089 627 1153 actione
659 1089 713 1152 illa
743 1088 775 1150 in
798 1087 1018 1151 Androtiunem
1048 1087 1202 1160 instituta,
1232 1085 1270 1150 de
1299 1103 1361 1166 qua

137 1198 295 1279 loquitur,
327 1196 366 1259 ad
395 1195 427 1258 id
450 1195 530 1276 quod
553 1195 696 1276 cupiebat
725 1193 878 1276 pervenire
902 1196 1031 1275 poterat.
1084 1191 1173 1271 Quod
1196 1191 1361 1273 quominus

141 1303 212 1366 fieri
244 1305 347 1384 posset
380 1302 527 1382 quoniam
562 1301 627 1381 lege
661 1300 843 1364 Timocratis
878 1299 1061 1381 impeditum
1092 1302 1167 1372 erat,
1203 1298 1296 1362 verba
1325 1300 1362 1360 ut

143 1409 301 1472 codicibus
329 1407 499 1470 traduntur
529 1407 752 1470 sententiarum
789 1406 998 1470 cohaerentiae
1035 1403 1266 1468 accommodata
1300 1422 1362 1466 non

142 1518 226 1578 sunt.
290 1513 377 1593 Quae
411 1513 577 1576 difficultas
611 1515 731 1588 manet,
766 1513 889 1576 etiamsi
923 1531 995 1574 curn
1025 1511 1147 1574 Blassio
1181 1510 1219 1591 ἐξ
1255 1509 1361 1572 1-10

142 1621 334 1704 prooemium
372 1620 489 1701 primae
520 1619 691 1701 scriptionis
727 1618 862 1682 effecisse
890 1621 1045 1700 putemus.
1106 1616 1237 1680 Weiiius
1268 1615 1363 1705 igitur

142 1730 246 1792 locum
269 1728 313 1791 ita
337 1726 511 1791 emendavit
539 1730 576 1789 ut
598 1725 702 1788 omnia
732 1727 802 1806 apte
831 1725 911 1788 inter
940 1743 972 1788 se
995 1725 1179 1788 cohaereant
1210 1741 1262 1804 pro
1285 1725 1361 1803 βον-

143 1829 258 1918 λσίμην
281 1834 417 1896 scribens
442 1822 631 1917 ἑβοολὸμηνε
654 1820 777 1895 ‘vellem
800 1849 855 1911 ego
879 1834 1039 1894 assecutus
1060 1848 1160 1893 essem
1177 1829 1257 1910 quod
1274 1829 1362 1909 cupio

144 1945 175 2004 et
203 1941 254 2003 hic
275 1958 387 2021 passus
410 1941 492 2002 esset
515 1939 596 2019 quod
620 1925 735 2002 meret'
789 1937 958 2000 Infinitivos
982 1939 1088 2000 autern
1110 1937 1214 2014 τυχεῖν
1241 1937 1272 1998 et
1294 1956 1362 1994 πα-

146 2048 221 2108 θεῖν
253 2045 289 2108 ad
320 2048 443 2126 tempus
474 2045 675 2126 praeteritum
698 2043 803 2107 referri
828 2062 915 2125 posse
939 2042 1131 2122 cognoscitur
1160 2059 1196 2104 ex
1220 2039 1363 2120 Aeschyli

149 2151 281 2232 Choeph.
306 2152 377 2214 702.
398 2154 410 2190 ¹

250 2257 357 2338 Neque
386 2257 486 2336 magis
520 2257 673 2320 sententia
696 2257 752 2319 viri
782 2255 863 2318 docti
892 2253 1108 2336 comprobatur
1137 2253 1174 2316 iis
1198 2271 1276 2333 quae
1300 2251 1318 2332 ξ
1342 2252 1361 2312 9

143 2365 291 2444 leguntur
322 2351 405 2424 ὥστε
432 2356 548 2446 τίθησι
581 2359 706 2424 τουτονὶ
740 2351 795 2423 τὸν
828 2350 933 2441 νόμον,
969 2345 1012 2422 dc'
1033 2340 1069 2422 οὗ
1097 2355 1161 2421 τῶν
1192 2351 1282 2440 ἱερῶν
1303 2353 1363 2436 μὲν

141 2459 313 2556 χρημάτων
334 2457 408 2543 τσὺς
431 2457 529 2543 θεοὺς
551 2464 615 2530 τῶν
644 2456 742 2530 ὁσίων
770 2463 807 2530 δὲ
836 2456 892 2552 τὴν
922 2456 1020 2528 ντὸλιν
1042 2453 1229 2548 ἄντσστερεῖ,
1262 2449 1363 2546 ἄκυρα

142 2572 179 2638 δὲ
202 2566 243 2638 τὰ
267 2570 457 2658 γνωσθέντα
479 2562 545 2636 dard
567 2570 623 2658 τῆς
642 2569 759 2659 βουλῆς
776 2571 832 2635 καὶ
857 2569 914 2635 τοῦ
934 2565 1141 2656 δικαστηρίου
1155 2564 1361 2654 καθίστησιν.

143 2683 280 2764 Tempus
304 2681 388 2746 enim
410 2699 556 2762 praesens
580 2684 681 2743 orator
704 2680 829 2744 adhibet
858 2679 897 2742 ad
921 2678 1155 2758 significandam
1185 2677 1362 2740 universam

142 2789 220 2869 legis
244 2787 308 2850 vim
331 2805 368 2850 ac
391 2787 587 2850 sententiam.
633 2787 764 2850 Etiamsi
796 2786 877 2850 enim
900 2784 1081 2848 Timocratis
1115 2783 1163 2846 lex
1186 2781 1300 2846 civitati
1330 2781 1363 2842 in
1423 2818 1427 2840 ι

144 2893 261 2976 praeda
285 2911 380 2974 quarn
402 2893 495 2972 legati
520 2893 578 2955 sibi
593 2893 832 2966 vindicaverant,
854 2894 1019 2973 postquam
1039 2890 1104 2954 eius
1119 2888 1252 2970 pretium
1275 2887 1365 2951 resti·

143 3004 252 3064 tutum
276 3002 332 3073 est,
356 2980 468 3062 damno
498 3018 559 3062 non
590 2998 708 3072 fnisset,
739 3001 844 3061 tamen
874 3017 935 3060 non
959 2998 1138 3078 sequeretur
1167 3013 1237 3058 eam
1260 3011 1364 3056 rernm

143 3106 270 3170 omnino
294 3123 372 3186 quae
403 3104 461 3168 diis
492 3107 523 3168 et
553 3105 597 3168 rei
620 3105 759 3186 publicae
789 3105 972 3168 deberentur
1000 3102 1221 3166 detrimentum
1244 3099 1364 3162 nullum

142 3211 263 3276 afferre.
309 3213 410 3291 Atque
432 3210 619 3274 Timocrates
643 3211 742 3290 legem
767 3229 858 3274 suam
881 3228 915 3272 ec
936 3209 1059 3272 consilio
1082 3207 1196 3270 tuterat
1225 3208 1261 3268 ut
1290 3203 1362 3267 deos

144 3322 176 3382 et
198 3336 266 3381 rem
289 3317 445 3398 publicam
468 3317 598 3398 pecunia
620 3317 753 3398 privaret
776 3315 812 3378 ed
835 3315 1017 3379 iudiciorum
1034 3315 1218 3396 potestatem
1241 3311 1364 3374 deleret.

146 3423 234 3502 Quod
265 3422 428 3486 consilium
450 3422 558 3502 utique
586 3423 794 3504 pennanebat‚
825 3421 882 3486 etsi
913 3422 945 3484 in
976 3421 1148 3500 legatorum
1179 3435 1272 3480 causa
1302 3435 1364 3479 non

145 3531 209 3594 iam
232 3529 318 3592 omni
340 3547 376 3592 ex
398 3531 484 3610 parte
507 3527 638 3591 valebat.

249 3635 367 3698 Deinde
399 3635 459 3714 §2
490 3623 546 3719 τὴν
573 3622 726 3718 ὑμετέραν
758 3630 869 3718 ψῆφον
899 3681 905 3694 .
934 3681 942 3694 .
967 3679 974 3694 .
1006 3622 1072 3694 tiae
1101 3628 1157 3693 καὶ
1187 3630 1279 3692 ντσιεῖ
1309 3623 1366 3690 τοῦ

142 3731 278 3829 μηδενὸς
294 3727 387 3818 ἆξίαν
399 3729 416 3801 ὃ
430 3739 557 3802 τουτουὶ
574 3730 671 3821 νόμος
687 3727 752 3818 ou'q
767 3738 820 3801 ἵνα
835 3735 925 3824 κοινῇ
941 3761 973 3801 τι
985 3729 1041 3824 τὴν
1056 3727 1154 3800 πόλιν
1166 3723 1314 3822 ὠφελήσῃ
1323 3783 1329 3796 .
1339 3781 1363 3796 ..

143 3835 214 3918 ἀλλ’
252 3847 305 3910 ἵνα
340 3841 404 3909 osv
438 3835 540 3908 ντσλὺν
578 3836 688 3930 χρόνον
729 3833 812 3924 ὑμᾶς
842 3866 925 3920 τινες
961 3841 1255 3928 ἐκκεκαρπωμένων
1284 3889 1291 3903 .
1323 3889 1330 3903 .
1355 3889 1363 3902 .

143 3941 220 4042 μηδ’
245 3937 266 4016 ἃ
289 3948 484 4027 κλέπτοντες
508 3942 698 4038 ἐλήφθησαν
721 3947 866 4038 φανερῶς
888 3947 1081 4014 καταθῶσιν
1109 3969 1145 4013 ex
1174 3947 1364 4012 coniunctivo

144 4056 340 4124 καταθῶσιν
370 4059 511 4122 Blassius
549 4077 694 4140 apparere
729 4061 819 4139 putat
857 4058 939 4138 hunc
970 4057 1072 4120 locum
1104 4056 1251 4137 scriptum
1288 4073 1368 4130 esse,

254 4293 264 4322 ¹
346 4281 380 4338 dv
398 4281 501 4352 ἤθελον
518 4281 636 4357 γνωστὸς
654 4285 786 4356 γενέσθαι
804 4291 848 4336 καὶ
868 4283 1029 4350 ξενωθῆναι.
