3232 4890
856 251 896 312 18

769 340 981 348 .--..-..—-———

269 463 421 544 digniores
444 462 559 526 luerint
582 463 695 543 quibus
719 462 785 543 lege
809 462 1030 526 subveniretur.
1077 461 1184 543 Neque
1208 463 1374 544 quisquam
1394 479 1495 543 nega·

268 569 346 633 verit
369 557 586 654 ἀγορανόμους
609 572 639 632 et
662 569 714 649 qui
737 587 809 632 oum
831 569 868 632 iis
891 569 1092 632 nominantur
1121 587 1183 631 non
1206 571 1331 632 tantum
1360 569 1392 631 in
1421 587 1493 632 rem

267 675 424 758 publicam
447 675 614 756 deliquisse
637 678 792 756 quantum
820 675 945 754 legatos.
993 674 1201 738 Nihilominus
1222 674 1412 740 Timocrates
1435 693 1495 757 pro

270 781 422 854 aedilibus
444 782 551 862 quiin
573 781 745 844 iusrcoati
768 784 802 844 et
820 799 919 862 poena
942 780 1044 844 affecti
1073 783 1163 844 erant
1189 781 1290 862 legem
1319 799 1383 844 non
1406 782 1493 855 tulit,

271 887 324 951 sed
347 887 466 968 legatis,
490 888 543 969 qui
559 888 731 951 maximum
748 886 898 950 damnum
914 887 1112 968 reipublicae
1128 887 1308 961 intulerunt,
1332 888 1399 968 lege
1416 889 1494 951 sub-

269 993 362 1057 venit.
400 992 565 1074 Nusquam
585 993 682 1074 igitur
704 993 823 1057 dictum
846 996 893 1057 est
915 992 1032 1057 aediles
1055 993 1274 1057 beneficiorum
1296 993 1388 1057 liuius
1412 994 1492 1074 legis

269 1099 433 1181 participes
456 1119 516 1162 non
540 1099 622 1174 fieri,
646 1099 699 1162 sed
722 1099 888 1162 Timocrati
911 1099 1031 1162 crimini
1054 1099 1147 1162 datur
1170 1098 1265 1180 quod,
1296 1117 1492 1181 quamquam

269 1205 333 1268 iam
356 1223 446 1287 saepe
469 1206 587 1269 occasio
610 1205 714 1268 oblata
737 1207 818 1269 esset
848 1205 1026 1268 bominibus
1049 1205 1257 1269 misericordia
1288 1205 1388 1286 dignis
1420 1225 1495 1269 sue·
1579 1260 1580 1263 ,

270 1311 430 1386 currendi,
461 1311 509 1374 bis
533 1312 646 1375 auxilio
670 1330 729 1374 non
753 1305 883 1386 venerit,
907 1311 961 1375 sed
983 1311 1165 1391 gravissimo
1194 1311 1314 1374 crimini
1342 1312 1491 1375 obnoxios

271 1418 379 1481 statim
402 1417 532 1481 liberare
556 1417 717 1480 studuerit.

377 1522 485 1604 Neque
507 1523 633 1586 maioris
664 1523 812 1587 momenti
842 1525 889 1586 est
921 1523 1001 1604 quod
1025 1522 1194 1586 Dahmsius
1226 1522 1326 1586 addit:
1351 1511 1489 1586 ‘Accedit

271 1629 353 1710 quod
377 1629 444 1692 aliis
468 1629 539 1692 locis
562 1629 737 1711 publicanis
760 1629 1003 1692 misericordiam
1021 1629 1328 1710 benevolentiamque
1352 1627 1493 1692 iudicum

271 1734 376 1798 studet
399 1735 560 1809 concitore,
583 1753 644 1798 non
660 1734 811 1799 aedilibus
834 1753 932 1816 neque
947 1734 1157 1797 nundinarum
1173 1719 1373 1812 custodibus'
1407 1733 1492 1798 Nam

272 1841 413 1922 quotiens
436 1840 669 1923 publicanorum
692 1841 807 1904 mentio
830 1841 866 1904 fit
888 1842 989 1904 orator
1011 1859 1072 1903 non
1089 1841 1227 1904 iudicum
1247 1840 1493 1904 benevolentiam

270 1947 309 2010 iis
335 1965 511 2030 comparare
535 1946 649 2022 studet,
673 1946 727 2010 sed
749 1946 779 2008 id
804 1947 868 2026 agit
890 1949 927 2009 nt
949 1946 1091 2010 ostendat
1113 1947 1214 2027 legem
1234 1963 1301 2009 esse
1317 1946 1495 2028 improban-

272 2053 361 2129 dam,
396 2072 469 2116 cum
496 2053 635 2116 homines
666 2053 766 2133 magis
796 2052 927 2116 nefarios
958 2071 995 2116 ea
1024 2052 1146 2126 liberet,
1185 2052 1364 2134 publicanos
1395 2071 1492 2134 poena

270 2159 351 2222 affici
372 2159 486 2223 iubeat.
526 2157 570 2222 Of.
590 2161 606 2238 ξ
624 2159 665 2222 60
688 2155 745 2220 καί
767 2147 829 2244 μὴν
852 2144 919 2220 odd
944 2148 1047 2220 ἐκεῖνό
1072 2144 1100 2241 γ’
1124 2144 1164 2220 δν
1186 2149 1305 2233 εἴποις,
1331 2146 1376 2233 ῶς
1399 2146 1490 2234 ὅσοις

272 2260 392 2346 δεσμοῦ
422 2259 660 2348 προστιμᾶται,
691 2253 813 2326 τοίιτιον
840 2250 971 2344 μάλιστ’
994 2250 1014 2325 ’ί
1036 2253 1077 2326 τὰ
1105 2249 1233 2346 μέγιστ’
1262 2249 1432 2328 δδικοῦσιν
1463 2258 1492 2328 σί

271 2366 415 2447 τελῶναι,
441 2357 523 2433 ῶστε
545 2359 657 2451 μόνοις
680 2355 790 2445 αότοῖς
810 2361 855 2456 μὴ
877 2365 1069 2450 μεταδοῦναι
1091 2365 1148 2432 ταῶ
1170 2358 1278 2450 νόμον.
1320 2360 1412 2433 Πολὺ
1435 2361 1494 2456 γὰρ
1585 2403 1586 2442 ;

272 2467 379 2562 δήπου
400 2473 522 2557 μᾶλλον
547 2469 578 2538 οἱ
602 2465 813 2560 προδιδόντες
837 2498 870 2538 τι
892 2471 956 2538 τῶν
978 2472 1102 2552 κοινῶν,
1136 2468 1167 2538 ολ
1195 2465 1270 2551 τοὺς
1299 2473 1412 2560 γονέας
1434 2499 1493 2540 κα-

273 2578 408 2659 κοῦντες,
434 2575 466 2644 οἱ
487 2573 530 2668 μὴ
555 2571 707 2666 καθαρὰς
727 2571 786 2657 τὰς
807 2583 914 2662 χεῖρας
937 2575 1060 2660 ἔχοντες
1074 2571 1228 2657 εἰσιόντες
1242 2575 1290 2658 είς
1304 2572 1360 2668 τὴν
1375 2569 1495 2668 ἆγορδν

273 2675 451 2751 ἀδικῶσιν,
498 2688 620 2752 Aediles
643 2691 749 2752 autem
773 2691 949 2769 ceterosque
973 2688 1112 2751 consulto
1135 2691 1237 2751 orator
1259 2688 1397 2754 hocloco
1413 2709 1495 2754 com·
1586 2695 1587 2708 *

275 2795 466 2870 memoravit,
490 2780 688 2878 ἀνθρώπους
711 2789 853 2879 πένατας
875 2791 932 2856 καί
955 2783 1090 2870 ἰδιώτας
1112 2791 1169 2856 καί
1191 2790 1322 2856 πολλῶν
1340 2781 1494 2880 ἀπείρους

275 2897 331 2962 καὶ
355 2890 516 2986 κληρωτὴν
539 2886 635 2986 ἀρχὴν
656 2885 821 2984 όρξανιας,
850 2905 886 2962 ut
909 2918 959 2963 eos
983 2903 1147 2981 opponeret
1169 2900 1294 2980 legatis,
1317 2900 1492 2965 bominibus

273 3007 434 3080 divitibus,
465 3007 617 3089 apopulo
641 3007 752 3069 creatis
776 3006 888 3087 quibus
915 3006 1099 3085 gravissima
1128 3006 1171 3069 rei
1201 3007 1342 3088 publicae
1372 3008 1491 3086 negotia

273 3113 547 3177 committerentur.
604 3110 749 3176 Ceterum
778 3112 842 3175 iam
872 3111 1036 3175 scholiasta
1066 3111 1206 3175 codicum
1236 3111 1315 3177 dcv
1343 3113 1490 3177 intellexit

273 3222 425 3283 oratorem
449 3237 555 3282 secum
578 3237 640 3282 non
662 3221 834 3300 pugnare.1

378 3325 478 3404 Quem
507 3324 616 3388 deinde
640 3324 810 3388 Dahmsius
841 3321 929 3388 affert
958 3324 1069 3398 locum,
1100 3325 1119 3405 ἓ
1145 3325 1206 3387 112
1235 3344 1297 3389 non
1323 3323 1396 3387 satis
1418 3340 1487 3386 con·

273 3433 435 3511 gruentem
459 3449 531 3494 cum
554 3431 572 3511 ᾖ
596 3431 654 3505 60,
685 3448 758 3493 cum
789 3432 880 3493 antea
906 3429 944 3494 de
968 3449 1001 3494 eo
1018 3429 1136 3493 dictum
1159 3430 1209 3506 sit,
1232 3432 1288 3496 hoc
1311 3431 1374 3495 loco
1396 3427 1433 3494 de
1456 3447 1490 3494 eo

274 3537 431 3618 disputare
454 3536 699 3618 supersedemus.

383 3767 392 3796 ¹
411 3763 547 3818 Demosth.
567 3763 607 3816 ed.
626 3763 738 3816 Dindorl
755 3762 797 3816 IX
815 3779 841 3830 p.
862 3763 913 3815 775
931 3761 987 3816 πῶς
1006 3749 1053 3814 odo
1071 3758 1127 3815 οίόν
1138 3783 1169 3814 τε
1180 3768 1236 3818 τοῖς
1248 3767 1300 3831 μὲν
1311 3763 1432 3830 βοηθεῖν
1442 3770 1497 3819 τοῖς

275 3850 305 3904 δέ
325 3844 355 3902 οὗ
375 3851 494 3917 βοηθεῖν
517 3844 669 3903 αι’πόν....
694 3843 736 3903 ότι
760 3844 791 3902 οὗ
813 3856 875 3919 περὶ
898 3850 947 3902 τοῦ
971 3849 1073 3919 δεσμοῦ
1097 3849 1249 3922 διαλέγεται
1273 3844 1340 3902 ἀλλὰ
1364 3858 1427 3922 περὶ
1449 3852 1498 3904 τοῦ

275 3936 386 4009 πότεροι
404 3936 566 4009 δικαιότεροί
585 3939 654 3991 εἰσιν
672 3935 834 3998 ἐκτιννόναι,
864 3938 890 3990 οἱ
913 3945 1039 4009 πρέσβεις
1058 3933 1075 3990 ιλ
1094 3934 1245 4012 ὑφῄρηνται
1268 3933 1285 4004 ἢ
1304 3939 1332 3990 οἱ
1349 3932 1497 4007 ἀστυνόμοι

275 4033 320 4079 καὶ
340 4021 504 4100 ἀγορανόμοι
522 4022 573 4093 τὴν
593 4025 777 4080 δεκαπλασίαν
796 4024 866 4078 διότι
884 4026 1007 4098 ἔκλεψαν.
1045 4022 1075 4080 οδ
1103 4033 1165 4099 περὶ
1188 4027 1237 4080 τοῦ
1258 4024 1343 4095 νόμον
1366 4023 1420 4098 γὰρ
1438 4026 1496 4081 δια-

275 4115 388 4187 λέγεται,
409 4109 464 4168 αλλ’
484 4109 548 4168 adro
566 4110 714 4168 καθ’ἑαιπδ
732 4113 850 4178 ἐξετάζει
868 4113 952 4183 μόνον
969 4111 1001 4167 τὸ
1019 4114 1131 4178 δίκαιον,
1150 4122 1221 4171 τίνες
1238 4112 1400 4186 δικαιότεροι
1416 4135 1497 4168 κατα-

275 4201 385 4272 βάλλειν
403 4207 485 4266 εἰσίν,
515 4204 542 4257 οἷ
559 4199 605 4258 διὰ
622 4210 720 4257 πενίαν
737 4203 882 4271 κλέψαντες
901 4198 917 4270 ἢ
937 4203 964 4257 οἱ
980 4210 1107 4275 πρέσβεις
1125 4203 1282 4273 αἱρεθέντες
1305 4209 1349 4256 καὶ
1374 4200 1497 4258 πλοίσιοι

276 4287 352 4347 ὄντες
371 4293 428 4344 εἶτα
447 4286 613 4364 δφελόμενοι.
