3232 4890
140 456 180 518 ab
225 453 441 535 interpolatore
484 453 634 516 insertum
678 471 745 516 esse
788 455 893 516 censet
937 455 968 516 et
1011 472 1047 516 ea
1093 471 1171 534 qnae
1217 454 1359 532 leguntur

139 561 178 641 ἓξ
197 561 371 622 110-154
394 559 483 640 priori
515 558 670 640 scriptioni
701 559 817 622 tribuit.
873 557 973 636 Quam
997 563 1116 640 partem
1139 561 1296 640 propterea
1319 560 1358 622 ab

139 670 261 730 oratore
281 665 336 729 ad
371 684 507 745 unguem
544 684 605 728 non
640 671 780 728 exactam
817 684 884 728 esse
920 665 1075 728 existimat
1111 664 1192 746 quod
1226 685 1295 729 eam
1327 667 1358 728 in

141 773 289 835 ultimam
312 771 506 852 scriptionem
529 771 661 852 recipere
686 771 824 834 noluerit.
878 769 953 850 Quis
976 772 1145 836 orationem
1169 790 1248 853 quae
1272 772 1359 835 nobis

140 878 257 943 tradita
281 881 328 941 est
350 877 480 942 ediderit
504 876 633 942 Wcilius
656 896 716 941 non
740 877 822 941 dicit.

248 984 351 1064 Quam
381 985 553 1067 opinionem
583 985 668 1048 omni
698 1004 732 1048 ex
766 988 853 1066 parte
884 985 1071 1066 probabilem
1106 1005 1165 1048 non
1196 1005 1262 1050 esse
1295 987 1360 1048 iam

140 1093 283 1158 elucebit.

248 1198 389 1262 Primum
420 1198 515 1280 igitur
537 1198 645 1262 Weilio
670 1219 728 1263 non
753 1199 828 1262 satis
852 1199 1010 1264 convenire
1034 1199 1163 1274 videtur,
1195 1201 1358 1281 postquam

142 1308 239 1389 legati
262 1307 416 1380 solverint,
439 1306 588 1388 postulari
605 1305 804 1390 (ras-138)
822 1309 858 1370 ut
880 1326 933 1388 pro
950 1306 1138 1370 debitoribus
1162 1307 1360 1388 reipublicae

144 1415 326 1478 habeantur.
385 1411 445 1476 Sed
475 1412 547 1477 huic
576 1431 687 1476 causae
722 1432 784 1476 non
817 1413 954 1476 multum
988 1413 1128 1494 ponderis
1163 1413 1360 1478 tribuendum

144 1539 211 1584 esse
234 1519 364 1583 Wcilius
393 1519 457 1600 ipse
486 1519 645 1599 intellegit,
674 1519 841 1582 concedens
872 1537 922 1582 eos
951 1519 1051 1582 solum
1074 1519 1204 1600 praedae
1227 1519 1360 1601 pretium

142 1627 261 1691 aerario
284 1625 485 1689 reddidisse.¹
530 1625 610 1688 Tum
635 1627 742 1700 orator,
769 1626 891 1688 etiarnsi
914 1625 1010 1706 §131
1036 1625 1167 1704 legimus
1190 1614 1235 1710 μὴ
1257 1619 1361 1687 colom

118 1719 236 1795 *udam
264 1720 447 1808 dadolenam,
478 1716 559 1793 ἀλλὰ
590 1732 798 1815 τιμωρεῖσθε.
853 1728 909 1792 καὶ
938 1721 982 1815 μὴ
1014 1717 1080 1793 ἐᾶτ’
1110 1717 1307 1814 ἀγανακτεῖν,
1332 1725 1360 1794 εἰ

68 1823 71 1830 ’
143 1827 338 1924 δεθήσονται
363 1831 486 1916 ἔχοντες
507 1826 549 1898 τὰ
571 1824 716 1921 ὑμέτερα,
740 1822 809 1899 ἀλλ’
833 1822 919 1920 d'yer'
936 1823 1050 1912 αὐτοὺς
1066 1825 1132 1899 ὑπὸ
1146 1827 1220 1912 τοὺς
1235 1826 1358 1918 νόμους,

142 1947 206 2008 toto
237 1943 569 2030 θηρία-(125438)
600 1943 719 2006 efficere
747 1963 809 2006 non
838 1944 904 2006 vult
931 1943 1048 2023 legatos
1080 1943 1111 2006 in
1135 1943 1256 2006 vincula
1280 1944 1361 2006 coni-

143 2049 268 2114 ciendos
291 2069 365 2124 csse,
396 2049 449 2113 sed
473 2049 605 2113 refutare
634 2048 710 2112 illud
733 2035 814 2111 ἀλλὰ
837 2038 872 2133 νὴ
898 2035 954 2111 Δί’
983 2038 1113 2133 αἰσχρὸν
1134 2041 1215 2124 ἴσως
1236 2032 1273 2134 ἦν
1287 2036 1359 2111 Ἀν-

145 2148 303 2240 δροτίωνα
324 2151 460 2240 δεθῆναι
483 2140 502 2216 ’ν’
529 2159 558 2218 Γ
554 2151 708 2241 taceae-ip
730 2141 750 2240 ἢ
774 2145 989 2218 Illetdruorrov.
1035 2154 1135 2234 Quam
1159 2156 1197 2219 ob
1220 2175 1286 2219 rem
1309 2175 1359 2219 ecs

145 2281 207 2326 non
233 2261 338 2342 dignos
361 2281 428 2326 esse
451 2279 518 2324 esse
542 2261 732 2324 demonstrat
755 2261 806 2343 qui
830 2262 895 2342 lege
919 2262 1048 2326 carceris
1068 2281 1165 2343 poena
1183 2263 1359 2336 liberentur,

144 2387 218 2432 cum
248 2387 346 2450 neque
377 2368 436 2450 ipsi
470 2367 645 2430 innocentes
674 2368 736 2430 sint
764 2369 794 2430 et
824 2367 915 2432 multi
941 2369 993 2431 alii
1014 2368 1096 2450 iique
1119 2355 1260 2432 meliores
1283 2368 1362 2432 cives

142 2493 238 2556 quam
262 2473 407 2538 Androtio
435 2474 467 2536 in
500 2473 621 2537 vincula
651 2473 715 2536 dati
747 2473 825 2548 sint,
859 2493 897 2536 ne
927 2473 1038 2538 iudicio
1070 2493 1102 2538 se
1137 2475 1360 2538 subtraherent.

142 2579 250 2662 Neque
284 2579 386 2661 magis
420 2599 456 2644 ex
491 2598 525 2644 eo
560 2579 640 2660 quod
674 2581 775 2643 orator
807 2579 904 2660 §189
941 2599 973 2643 se
1010 2581 1184 2644 accuratius
1216 2599 1362 2663 exponere

144 2687 220 2750 velle
250 2689 345 2767 negat
372 2687 488 2766 legatos
519 2685 688 2750 secundum
717 2685 798 2764 leges
832 2685 994 2766 pecuniam
1025 2705 1083 2750 non
1113 2683 1256 2762 solvisse,
1290 2705 1362 2750 cum

141 2793 259 2858 iudices
290 2792 327 2856 de
359 2793 419 2855 hac
447 2811 480 2855 rc
509 2791 541 2854 in
570 2790 751 2871 suffragium
780 2791 853 2854 ituri
881 2809 941 2854 non
973 2792 1051 2866 sint,
1080 2791 1190 2856 Weilio
1221 2793 1362 2876 colligere

142 2900 216 2964 licet
236 2901 358 2980 partem
381 2916 503 2980 quoque
526 2915 605 2978 quae
628 2900 676 2960 est
704 2897 774 2960 inde
797 2916 816 2960 a
838 2897 876 2978 ἓξ
895 2898 1066 2960 125-138
1090 2915 1110 2960 a
1132 2898 1283 2980 proposito
1308 2899 1361 2961 ab·

142 3007 274 3070 horrere.
327 3004 410 3068 Nam
441 3005 503 3068 sive
531 3003 576 3066 illi
599 3003 718 3083 legibus
745 3003 869 3065 omnino
892 3002 1107 3066 satisfecerant
1136 3004 1199 3068 sive
1222 3005 1278 3068 hoc
1300 3023 1361 3068 non

143 3112 291 3186 fecerant,
314 3111 361 3174 len
383 3110 496 3192 pariter
518 3109 719 3191 improbanda
742 3111 807 3171 erat
830 3128 928 3189 neque
947 3108 1128 3173 Timocratis
1152 3111 1241 3192 culpa
1260 3113 1362 3174 muta-

143 3219 245 3282 batur.
299 3215 332 3280 si
355 3235 425 3280 vero
447 3215 613 3279 Timocrati
636 3214 815 3294 contigisset
837 3218 873 3278 ut
896 3215 1119 3278 demonstraret
1141 3215 1361 3281 Androtionem

142 3324 336 3406 collegasque
359 3323 424 3386 eius
447 3323 560 3404 optime
584 3320 621 3385 de
641 3339 673 3384 re
696 3321 819 3402 publica
842 3322 967 3384 meritos
998 3339 1096 3402 neque
1123 3321 1264 3403 indignos
1295 3341 1361 3386 esse

144 3431 259 3512 quibus
281 3448 378 3511 poena
401 3429 531 3493 carceris
555 3427 770 3502 remitteretur,
795 3431 825 3491 et
841 3428 888 3490 lex
911 3427 999 3491 ualde
1022 3430 1167 3491 excusata
1183 3431 1215 3492 et
1230 3429 1361 3492 auctoris

144 3537 236 3618 eulpa
258 3535 425 3599 imminuta
448 3537 537 3598 esset.
584 3531 664 3597 Cum
688 3537 793 3597 autem
817 3533 951 3596 sciamus
971 3535 1087 3596 veteres
1111 3537 1244 3598 oratores
1270 3553 1362 3616 quae-

141 3661 266 3724 cunque
288 3660 376 3706 reum
401 3641 440 3704 ad
458 3659 491 3704 se
509 3638 733 3704 defendendum
757 3640 948 3720 prolaturum
975 3658 1041 3702 esse
1066 3639 1216 3720 suspicari
1239 3644 1362 3721 possent

253 3945 262 3975 ¹
282 3941 320 3995 Oi.
339 3958 364 4009 p.
384 3940 461 3995 5811
479 3942 520 3992 est
538 3937 595 3992 mai
614 3955 665 4006 quo
683 3937 708 3990 le
732 3939 873 4006 payement
896 3953 929 3990 nc
953 3935 1089 4006 repondait
1112 3955 1160 4006 pas
1178 3939 1192 3991 d
1211 3938 1236 3991 la
1253 3939 1362 4005 signem·

143 4029 273 4084 deslois:
294 4029 437 4083 Androtion
456 4030 543 4082 atses
562 4027 633 4079 deux
658 4025 790 4094 collegues
815 4021 935 4079 s'etaient
959 4025 1094 4079 contentos
1118 4027 1151 4078 do
1175 4027 1298 4079 restituor·
1321 4027 1361 4080 les

143 4119 252 4174 valenis
271 4116 398 4171 detenues
417 4133 464 4185 par·
482 4132 535 4168 oux
554 4132 616 4168 sans
635 4115 765 4183 acquitter
783 4114 822 4167 les
841 4115 972 4168 amendes.
1020 4113 1058 4167 On
1085 4115 1148 4182 peut
1171 4115 1237 4168 donc
1260 4115 1316 4167 dire
1335 4119 1362 4168 ct

141 4208 197 4262 l'on
216 4223 232 4261 a
250 4207 289 4259 dit
307 4222 339 4258 en
358 4206 420 4258 cffct
439 4205 516 4274 qu’ils
535 4203 660 4257 n'dtaiont
678 4219 724 4272 pas
743 4219 774 4255 cn
795 4201 865 4272 regie
884 4204 910 4255 et
928 4219 978 4271 quc
998 4219 1027 4256 cc
1046 4219 1168 4256 morccuu
1187 4201 1249 4256 stau
1267 4219 1361 4258 encoro

143 4297 177 4350 do
196 4295 272 4349 misc.

1185 4397 1201 4449 3
