3232 4890
748 256 790 318 27

149 466 194 530 ad
227 466 366 549 primum
389 467 588 532 Euctemonis
617 471 648 532 et
669 467 794 532 Diodori
822 467 855 531 in
877 467 1100 531 Androtionem
1123 467 1274 550 impetum
1298 486 1388 550 spec·

150 575 242 649 tant,
289 573 345 637 sed
380 593 453 638 cum
492 573 531 638 ad
567 573 726 639 universas
767 593 845 656 quas
884 574 930 636 illi
964 573 1145 638 Androtioni
1185 573 1387 638 intenderunt

152 680 293 744 actiones
318 683 388 744 tum
411 681 545 746 maxime
568 680 607 744 ad
630 681 831 744 novissimam
858 698 953 762 quam
976 680 1009 744 in
1031 680 1223 745 Timocraten
1246 679 1385 744 oratione

152 785 279 850 institui
309 786 460 850 videmus
514 785 600 866 Quae
629 787 689 850 illis
718 787 818 850 verbis
842 788 996 851 sententia
1019 805 1089 850 eam
1115 787 1154 850 nb
1176 805 1242 850 rem
1266 787 1384 862 subest,

154 891 228 973 quia
249 892 344 956 verba
372 892 509 973 proxime
531 893 724 974 insequentia
746 911 826 975 quaa
849 896 922 958 sunt
949 886 1123 978 βουλοίμην
1146 878 1175 956 d'
1202 878 1241 955 άν
1265 887 1325 973 ἐμέ
1347 913 1387 954 τε

156 999 260 1077 τογεῖν
283 978 329 1060 ὧν
361 988 522 1080 βούλομαι
544 995 656 1062 τοῦτον
692 1019 727 1062 τε
761 1001 888 1062 παθεῖν
921 978 965 1061 ὧν
998 983 1089 1076 deda
1124 993 1211 1060 ἐστιν
1241 997 1281 1061 ad
1311 1016 1388 1062 cau·

154 1122 227 1168 sam
261 1105 418 1186 pertinent
452 1105 665 1170 novissimam,
723 1105 763 1169 llt
789 1109 894 1170 temen
921 1107 1023 1168 orator
1048 1105 1093 1168 itc
1120 1104 1234 1186 pergit:
1267 1099 1324 1166 roi·
1346 1100 1385 1166 dd

153 1199 351 1293 πράγματος
385 1196 489 1272 οὐκέτ’
525 1196 616 1286 άντος
650 1197 953 1296 άμφισβνγτηοίμοο,
996 1228 1075 1292 quae
1108 1210 1201 1274 verba
1234 1209 1387 1274 baberent

156 1335 221 1397 qun
254 1315 457 1392 referrentur,
509 1318 535 1380 si
574 1317 651 1380 illud
685 1301 788 1403 ἦλθον
818 1303 873 1378 ἐπ’
909 1303 1005 1378 αὐτόν
1037 1316 1075 1380 de
1109 1317 1207 1398 primo
1245 1319 1390 1380 tantum·

156 1422 248 1486 modo
280 1422 407 1486 Diodori
443 1421 476 1485 in
504 1422 723 1488 Androticnem
750 1423 868 1505 impetu
902 1423 1147 1503 intellegeretur,
1180 1421 1262 1504 qued
1295 1439 1387 1504 prop·

154 1533 204 1592 ter
236 1529 330 1592 verba
370 1547 450 1610 quae
491 1531 663 1610 sequuntur
694 1523 868 1616 βουλοίμην
901 1515 931 1591 δ’
954 1513 993 1591 tv
1026 1523 1085 1609 ἐμέ
1118 1549 1153 1590 τε
1195 1529 1299 1607 ταγεῖν
1339 1509 1388 1590 ὧν

152 1624 318 1716 βούλομαι
340 1623 454 1696 τοῦτόν
475 1655 510 1697 τε
533 1637 659 1700 παθεῖν
689 1615 733 1698 ὧν
762 1621 854 1714 ι’ίξιὸς
885 1630 973 1697 ἔστιν
1005 1633 1070 1698 fieri
1104 1621 1230 1717 nequit'
1288 1635 1387 1699 Recte

155 1739 282 1822 quidem
315 1740 347 1804 in
377 1740 414 1803 iis
438 1759 518 1822 quae
541 1741 689 1821 leguntur
710 1743 749 1822 ἓξ
765 1742 851 1804 8-9
884 1740 1098 1804 difficultatem
1121 1741 1260 1821 aliquam
1282 1741 1387 1804 inesse

158 1846 328 1920 intellexit,
364 1845 418 1910 sed
448 1846 526 1910 ratio
561 1866 623 1928 quc
654 1865 723 1911 eam
751 1847 856 1910 tollere
890 1846 1010 1911 studuit
1038 1846 1196 1928 probanda
1229 1865 1290 1910 nen
1325 1850 1384 1910 est.

158 1951 239 2016 Nam
269 1952 348 2016 illud
379 1946 553 2037 βουλοίμην
588 1990 628 2000 -
662 1937 754 2030 άξιὸς
782 1949 871 2014 ἐστιν
900 1970 959 2016 non
983 1953 1083 2034 magis
1107 1952 1247 2016 convenit
1277 1952 1317 2015 ad
1352 1971 1395 2016 ea-

160 2077 241 2140 quae
271 2058 462 2122 untecedunt
491 2076 586 2139 quum
615 2058 655 2121 ad
683 2077 720 2122 ea
751 2077 830 2140 quae
860 2063 1040 2140 sequuntur.
1098 2059 1226 2122 Viezens
1261 2058 1388 2140 quidem

159 2165 255 2228 verba
277 2147 380 2249 ἦλθον
404 2149 459 2225 ἐπ’
482 2151 578 2226 αάτὸν
602 2151 833 2248 (Ἀνδροτίωνα)
858 2216 867 2233 .
893 2213 900 2227 .
926 2212 933 2226 .
968 2145 1012 2226 ὧν
1042 2154 1246 2228 ἐπεπόνθειν
1276 2163 1394 2244 λαβεῖν

158 2269 200 2334 ad
233 2270 395 2334 universas
430 2270 564 2333 actiones
600 2270 638 2333 ab
668 2270 855 2334 Euctemcne
884 2275 915 2334 et
938 2271 1068 2334 Diodoro
1101 2270 1134 2333 in
1168 2270 1387 2334 Androtinnem

157 2377 324 2440 institutas
347 2379 380 2438 et
402 2376 554 2458 imprimis
578 2376 617 2439 ad
641 2393 769 2440 cansam
791 2377 1028 2451 Timocrateam,
1055 2395 1117 2458 qna
1139 2377 1214 2439 item
1237 2376 1391 2440 Androtic

160 2483 337 2565 petebatur,
365 2485 502 2563 spectare
525 2481 653 2564 idecqne
676 2501 748 2546 cum
773 2483 972 2564 sequentibus
996 2483 1157 2546 cohaerere
1179 2485 1278 2564 putat.
1325 2481 1387 2546 Sed

161 2589 262 2652 verbis
293 2571 400 2674 ἦλθον
423 2585 491 2650 κτλ.
522 2592 673 2652 craterem
704 2607 833 2652 causam
861 2588 1088 2652 Timocrateam
1118 2607 1178 2652 non
1213 2587 1391 2668 significare

157 2695 271 2770 elucet,
295 2713 370 2758 cum
391 2694 583 2776 expositurus
603 2695 644 2758 sit
661 2713 755 2776 qnare
777 2695 816 2758 ad
836 2713 905 2759 enm
923 2695 1075 2777 impulsus
1096 2695 1145 2758 sit.
1183 2693 1388 2776 llrplicationi

157 2801 255 2882 igitur
285 2799 437 2864 aViezeo
466 2801 601 2882 prolatae
631 2801 773 2865 assentiri
803 2819 863 2864 nnn
886 2819 1060 2882 possumus.
1113 2799 1259 2865 Ceterum
1281 2800 1387 2863 Weilii

158 2907 379 2972 emendatione
408 2905 487 2970 effici
514 2909 551 2969 ut
577 2908 617 2986 ἓξ
633 2908 718 2970 8-9
749 2909 819 2989 apte
847 2907 927 2971 inter
956 2925 988 2970 se
1020 2904 1185 2970 coniuncta
1208 2907 1269 2970 sint
1292 2925 1387 2988 supra

158 3015 282 3078 dictum
307 3016 363 3076 est.
902 2999 908 3012 '

269 3119 365 3182 Porro
383 3117 541 3182 offensioni
556 3117 664 3182 Viezeo
681 3122 754 3182 sunt
770 3119 863 3182 verbe
879 3121 899 3200 ὅ
912 3119 953 3182 14
969 3109 1146 3205 γράφονται
1161 3107 1199 3180 τὸ
1216 3108 1386 3204 ψήφισμα.

158 3225 278 3290 Scribit
308 3224 391 3288 enim
425 3243 454 3306 p.
480 3224 538 3287 27:
576 3212 670 3288 ‘Nam
699 3229 768 3307 post
796 3227 889 3288 rerba
918 3243 996 3306 qnae
1028 3228 1102 3288 sunt
1132 3217 1233 3287 ἔδακε
1262 3213 1397 3310 γνώμην

160 3317 342 3416 Είντὴμων
376 3317 421 3405 ὡς
454 3319 586 3392 δυνατὸν
620 3321 829 3416 δικαιοτάτην
864 3320 947 3411 ὑμᾶς
982 3327 1043 3411 μὲν
1075 3319 1281 3413 εἰσπράττειν
1313 3319 1394 3405 τοὺς

159 3427 385 3523 τριηράρχοις,
429 3430 564 3511 ἐκείνοις
586 3422 616 3498 d'
640 3426 822 3522 εἶναιπερὶ
846 3423 949 3500 αἰτῶν
978 3431 1026 3512 εἰς
1054 3428 1129 3512 τοὺς
1155 3429 1286 3514 ἔχοντας
1308 3421 1387 3497 άνα-

162 3533 278 3629 φοράν.
321 3532 378 3604 ἐὰν
400 3527 430 3604 d'
446 3527 691 3628 ἀμφισβητῆταί
712 3565 755 3620 τι,
780 3545 889 3606 ποιεῖν
912 3537 1128 3618 διαδικασίαν,
1152 3531 1208 3603 τὸν
1231 3539 1268 3604 δὲ
1290 3529 1386 3627 ίγττη-

161 3645 268 3712 θίντα
286 3644 422 3711 τοῦτοοὶ
441 3636 583 3735 ὀφείλειν
599 3644 638 3734 τῇ
658 3639 755 3711 πόλει
774 3653 986 3731 exspectamus
999 3652 1149 3712 craterem
1162 3647 1236 3729 quid
1249 3650 1388 3722 senatus,

161 3755 240 3838 quid
268 3755 399 3838 populus
428 3754 465 3818 de
496 3754 694 3819 Euctemnnis
727 3755 880 3820 sententia
903 3755 1072 3819 decreverit
1094 3754 1207 3818 diserte
1230 3754 1385 3817 dicturum

162 3880 240 3926 esse.
299 3860 385 3924 Nihil
418 3861 480 3924 tale
513 3861 662 3941 legimus,
697 3861 751 3925 sed
784 3861 863 3924 mira
896 3861 1138 3943 breviloquentia
1171 3879 1248 3924 usus
1285 3861 1395 3924 orator

165 3968 275 4031 statim
313 3965 359 4030 sic
391 3966 506 4048 pergit:
550 3957 727 4052 γράφονται
760 3957 799 4028 τὸ
834 3953 1012 4053 ψήφισμά.
1075 3966 1183 4047 Itaque
1219 3967 1254 4029 in
1287 3965 1393 4048 priore

275 4212 513 4266 ¹Reseribendum
531 4212 638 4265 videtur
655 4205 728 4264 τοῦτ’
747 4237 780 4254 =
800 4203 814 4262 ὃ
834 4206 868 4263 dv
886 4207 1098 4282 άμφιοβητῆται.
1123 4210 1194 4264 Nam
1212 4227 1307 4279 parum
1326 4212 1393 4279 apte

167 4303 270 4356 dieitur
288 4300 392 4364 τοίτον,
414 4317 475 4354 eum
494 4301 517 4354 is
535 4301 581 4370 qui
599 4316 677 4354 causa
696 4300 819 4354 ceciderit
837 4303 914 4354 antea
932 4317 984 4354 non
1003 4302 1224 4354 commemoratus
1243 4301 1285 4355 sit.
